2498 5310
1 391 109 518 s

155 630 197 692 94
464 636 501 690 M.
521 635 657 691 TULLII
677 632 878 689 CICERONIS

152 763 329 837 misissent,
349 756 549 824 Carneadem
567 767 599 822 et
617 754 793 822 Critolaum
812 767 843 820 et
859 754 1064 840 Diogenem3
1084 756 1094 820 i

155 879 225 932 eos,
253 854 329 918 dum
345 853 468 917 Romae
495 862 616 928 essent,
645 861 677 914 et
695 873 715 913 a
733 872 767 914 se
786 860 818 914 et
840 850 880 914 ab
908 849 982 914 aliis
1011 851 1100 935 frequ

156 948 280 1013 auditos
287 972 296 1025 ;
324 968 404 1030 quos
424 957 490 1009 turn
509 967 581 1009 oum
599 944 732 1008 haberes
752 953 912 1020 auctores,
931 944 1074 1021 Antoni,
1116 944 1123 959 “

157 1064 211 1107 eur
228 1040 449 1129 philosophiae
472 1039 554 1103 siout
571 1038 691 1102 Zethus
709 1037 763 1101 ille
779 1036 987 1102 Pacuvianus
1007 1059 1103 1123 prope

100 1154 138 1194 1⁵6
156 1137 224 1202 lum
240 1133 411 1199 indixeris?
441 1131 605 1210 ‘minime,'
625 1131 726 1215 inquit
744 1130 906 1196 Antonius
926 1137 982 1196 ‘ae
1001 1131 1050 1196 sie
1067 1132 1087 1195 d
1117 1134 1120 1139 '

155 1228 373 1318 philosophari
389 1229 505 1313 potius,
527 1238 563 1290 ut
575 1225 803 1312 Neoptolemus
822 1225 908 1312 apud
924 1224 1072 1289 Ennium
1087 1216 1134 1311 “pi

156 1324 217 1388 eis:
244 1345 319 1387 nam
336 1322 463 1386 omnino
481 1321 567 1384 haud
583 1318 717 1406 plaeet.’'
754 1319 812 1384 sed
828 1329 937 1382 tamen
953 1318 1040 1384 haee
1056 1318 1134 1385 estol

158 1416 323 1493 sententia,
333 1437 428 1498 quam
437 1414 568 1479 videbar
578 1413 779 1499 exposuisse:
800 1410 1134 1498 egoistastudianoni

156 1511 266 1597 probo,
281 1509 444 1572 moderata
459 1508 554 1572 modo
569 1506 645 1571 sint:
664 1504 845 1592 opinionem
858 1505 995 1570 istorum
1015 1504 1134 1570 studion

158 1614 189 1668 et
207 1602 414 1687 suspitionem
432 1601 554 1665 artificii
572 1600 739 1687 apud‘eos,
758 1599 813 1684 qui
828 1621 880 1664 res
902 1598 1058 1679 iudicent,
1076 1610 1134 1669 ont

159 1696 373 1761 adversariam
382 1718 453 1761 esse
468 1695 611 1772 arbitror,
625 1693 781 1759 imminuit
795 1693 878 1759 enim
888 1703 920 1758 et
932 1695 1071 1759 oratoris
1083 1704 1134 1759 and

106 1788 141 1842 38
157 1791 283 1856 ritatem
293 1801 324 1855 et
337 1790 486 1856 orationis
502 1790 607 1854 fidem.
631 1789 697 1866 sed,
707 1799 743 1852 ut
757 1809 794 1853 eo
807 1798 983 1866 revocetur,
999 1784 1134 1874 undoso

103 1861 140 1901 ³⁵⁷
160 1883 328 1950 declinavit
337 1884 446 1961 oratio,
457 1905 497 1947 ex
506 1882 606 1946 tribus
616 1882 685 1946 istis
696 1880 878 1946 clarissimis
886 1880 1134 1968 philosophisqu

157 1979 295 2044 Romam
308 1977 434 2041 venisse
448 1975 564 2052 dixisti,
583 1974 713 2040 videsne
727 1975 907 2061 Diogenem
922 1996 996 2039 eum
1010 1976 1134 2059 fuisset

159 2072 278 2134 diceret
295 2080 395 2133 artem
413 2091 448 2132 se
466 2068 589 2133 tradere
607 2070 687 2133 bene
711 2067 888 2134 disserendi
905 2078 938 2133 et
954 2092 1036 2134 vera
1053 2090 1088 2135 ae
1102 2068 1134 2134 fd

160 2161 365 2239 diiudicandi,
393 2183 487 2245 quam
506 2163 603 2227 verbo
622 2159 747 2227 Graeco
771 2158 974 2250 διαλεκτικὴν
996 2164 1134 2250 appellnt

158 2256 191 2319 in
208 2255 269 2319 hae
287 2265 363 2332 arte,
383 2255 410 2320 si
427 2255 522 2320 modo
541 2266 590 2321 est
607 2256 686 2321 haee
700 2280 762 2334 ars,
780 2256 902 2320 nullum
911 2267 961 2321 est
973 2268 1134 2344 praecepta

158 2370 221 2431 quo
239 2349 334 2415 modo
353 2371 463 2414 verum
486 2350 678 2427 inveniatur,
706 2349 764 2414 sed
781 2361 904 2414 tantum
921 2359 985 2428 est,
1013 2372 1078 2434 quo
1093 2372 1134 2415 mo

104 2469 142 2511 iss
159 2442 327 2521 iudieetur;
345 2466 420 2509 nam
437 2466 544 2521 omne,
564 2445 649 2528 quod
667 2443 843 2527 eloquimur
861 2443 921 2521 sio,
939 2453 976 2508 ut
994 2443 1029 2508 id
1048 2456 1134 2509 auto

159 2537 301 2603 dieamus
333 2549 386 2604 aut
417 2562 482 2604 non
514 2561 600 2616 esse,
633 2548 678 2615 et,
711 2539 739 2603 si
770 2537 952 2624 simplicitet
989 2538 1134 2603 dietum!

161 2631 337 2718 suscipiunt
353 2632 522 2710 dialeotioi,
540 2642 576 2697 ut
592 2631 746 2709 iudicent,
769 2653 920 2696 verumne
940 2631 981 2696 sit
999 2655 1042 2696 an
1060 2633 1134 2698 falsu

160 2735 205 2804 et,
225 2726 252 2790 si
270 2726 435 2791 coniuncte
454 2727 495 2791 sit
513 2726 630 2790 elatum
648 2735 680 2790 et
697 2725 845 2790 adiuncta
863 2725 926 2790 sint
943 2724 1020 2803 alia,
1039 2725 1134 2790 indies

160 2829 286 2885 reetene
314 2820 461 2884 adiunota
484 2820 547 2885 sint
570 2831 601 2885 et
623 2842 739 2885 verane
767 2842 891 2884 summa
913 2819 954 2884 sit
971 2819 1068 2886 unius
1087 2819 1134 2885 out

161 2910 394 3023 que(rationis)
405 2923 436 2977 et
463 2915 504 2977 ad
526 2924 702 2978 extremum
727 2913 790 2998 ipsi
816 2935 851 2978 se
878 2926 1098 2999 compungunt
1120 2936 1134 2978 s

161 3005 358 3070 acuminibus
377 3016 409 3070 et
425 3006 526 3069 multa
552 3006 731 3089 quaerendo
757 3007 919 3092 reperiunt
936 3030 1002 3072 non
1027 3008 1122 3074 modo

160 3119 241 3180 quae
267 3098 331 3161 iam
347 3090 421 3162 'non
448 3098 573 3184 possint
602 3098 665 3184 ipsi
691 3098 879 3178 dissolvere,
912 3101 969 3166 sed
999 3101 1134 3187 etiamq

105 3215 142 3256 rso
159 3190 219 3254 bus
239 3199 311 3254 ante
329 3212 444 3255 exorsa
461 3201 493 3255 et
509 3190 615 3276 potius
635 3191 762 3258 detexta
783 3217 883 3280 prope
900 3204 1096 3260 retexuntur.

160 3304 218 3347 nos
237 3282 333 3368 igitur
352 3281 480 3348 Stoicus
498 3284 559 3349 iste
576 3285 655 3350 nihil
673 3287 814 3367 adiuvat,
843 3288 1007 3372 quoniam,
1035 3311 1130 3372 quem

161 3375 291 3440 modum
315 3376 475 3442 inveniam
501 3378 578 3461 quid
605 3379 722 3459 dieam,
754 3405 819 3447 non
846 3382 951 3459 dooet3
984 3392 1081 3466 atque
1108 3382 1134 3447 id

162 3469 257 3536 etiam
276 3470 423 3558 impedit,
451 3473 537 3556 quod
559 3484 591 3538 et
613 3475 715 3541 multa
740 3475 870 3562 reperit,
898 3497 978 3558 quae
1005 3488 1134 3563 negati

160 3565 255 3632 modo
272 3589 368 3653 posse
387 3566 532 3647 dissolvi,
551 3579 583 3634 et
601 3593 702 3656 genus
722 3569 876 3634 sermonis
896 3570 999 3634 adfert
1015 3594 1082 3636 non
1100 3571 1134 3655 lit¹

162 3659 250 3738 dum,
277 3685 342 3727 non
359 3661 466 3728 fusum
485 3685 522 3728 ao
543 3666 718 3750 profluens,
746 3664 804 3728 sed
825 3663 921 3741 exile,
951 3664 1089 3743 aridum,
1118 3688 1135 3731 o

162 3752 263 3818 cisum
281 3766 375 3841 atque
392 3757 557 3836 minutum,
576 3759 662 3842 quod
680 3759 706 3823 si
724 3757 779 3841 qui
795 3757 952 3844 probabit,
970 3757 1016 3822 ita
1031 3761 1134 3843 proba

162 3856 198 3908 ut
223 3850 340 3914 oratori
366 3860 473 3916 tamen
496 3863 606 3938 aptum
631 3874 696 3916 non
724 3873 795 3916 esse
821 3852 970 3928 fateatur3
999 3852 1080 3917 haee
1108 3876 1134 3918 er

163 3949 274 4005 nostra
304 3945 404 4010 oratio
434 3944 645 4008 multitudinis
672 3953 722 4008 est
747 3943 876 4006 auribus
907 3945 1134 4013 adcommodau

165 4033 207 4098 ad
224 4033 428 4103 oblectandos
449 4038 585 4114 animos,
604 4037 646 4101 ad
662 4035 881 4121 impellendos,
900 4036 941 4099 ad
960 4059 997 4100 ea
1014 4042 1134 4123 proban

163 4150 244 4212 quae
261 4152 325 4195 non
348 4131 483 4197 aurificis
507 4139 637 4207 statera,
666 4130 723 4193 sed
745 4128 890 4216 populari
917 4131 1055 4213 quadam
1073 4145 1134 4199 trut

107 4248 145 4290 roo
163 4224 395 4302 examinantur3
414 4246 478 4308 qua
493 4246 529 4288 re
545 4222 640 4287 istam
658 4233 757 4291 artem
771 4233 870 4288 totam
884 4224 1087 4305 dimittemus,
1107 4250 1134 4311 qi

162 4316 196 4379 in
222 4317 439 4404 excogitandis
467 4317 661 4403 argumentis
688 4329 777 4384 muta
802 4318 933 4384 nimium
959 4331 1021 4398 est,
1048 4322 1082 4385 in
1108 4323 1134 4387 iu

163 4411 272 4476 condis
303 4411 435 4475 nimium
465 4410 591 4496 loquax.
642 4412 819 4480 Critolaum
848 4415 958 4496 istum,
990 4437 1084 4500 quem
1116 4439 1133 4482 e

128 4600 202 4751 s

91 4758 126 4840 l
