2536 5040
332 672 382 725 DE
402 669 586 727 ORATORE
604 672 642 727 ΙΙ.
661 673 815 726 noo-mr.
1024 662 1084 726 117
1175 623 1187 635 ¹

10 810 15 877 ξ
51 820 121 863 non
138 794 173 860 in
189 817 239 872 re;
267 795 406 860 sednon
424 818 519 882 saepe
540 792 720 882 [magnum]
739 794 838 860 risum
854 808 996 876 movent3
1019 821 1089 862 ma·
1200 790 1203 795 ’

53 890 106 979 gis
124 899 161 954 ut
181 888 264 955 belle
283 899 315 955 ct
330 889 467 955 litterate
494 889 578 954 dicta
605 890 787 969 laudantur3
814 891 901 954 utin
926 891 1014 956 illum
1032 892 1089 956 Ti-

10 1022 14 1031 =
53 986 150 1062 tium,
177 983 322 1068 quicum
349 985 490 1050 studiose
508 984 574 1070 pila
590 983 714 1049 luderet
732 995 763 1049 et
780 984 865 1049 idem
888 985 981 1071 signa
999 1008 1089 1052 sacra

10 1098 13 1103 '
52 1089 154 1146 noctu
179 1079 327 1167 frangere
352 1090 518 1166 putaretur
540 1081 764 1168 gregalesque,
791 1103 864 1146 cum
885 1082 919 1146 in
941 1103 1088 1169 campum

10 1252 14 1259 Ι
52 1197 123 1242 non
151 1174 307 1252 venisset,
337 1175 546 1259 requirerent,
579 1176 743 1240 excusavit
772 1177 883 1262 Vespa
909 1178 1089 1254 Terentius,

55 1266 240 1353 quodcum
265 1267 430 1333 brachium
456 1269 591 1356 fregisse
619 1269 749 1348 diceret3
776 1270 911 1334 utillud
932 1270 1088 1348 Africani,

57 1362 148 1451 quod
163 1373 213 1428 est
231 1363 317 1448 apud
333 1363 508 1427 Lucilium·

102 1455 199 1541 quid?
216 1455 348 1535 Decius,
358 1431 522 1551 dilucidam
537 1482 578 1523 an
593 1460 752 1523 confixum
770 1458 818 1523 vis
832 1437 1087 1555 facere'r'linquiu

56 1560 96 1617 ut
112 1563 186 1616 tuus
214 1551 348 1629 amicus,
377 1548 510 1629 Crasse,
539 1550 693 1629 Granius,
721 1559 799 1618 ‘non
817 1575 889 1618 csse
908 1553 1086 1630 sextantis?
1105 1582 1144 1622 aar

58 1654 94 1710 et
110 1642 139 1708 si
156 1644 321 1727 quaeritis,
339 1644 382 1722 is,
411 1644 465 1727 qui
483 1645 659 1731 appellatur
677 1646 782 1723 dicax,
809 1645 870 1711 hoo
888 1669 1004 1733 genere
1021 1670 1089 1712 ma-

55 1737 145 1805 xime
161 1737 308 1816 excellet3
327 1736 385 1802 sed
401 1737 484 1802 risus
503 1750 632 1803 movent
649 1738 710 1803 alia
723 1740 868 1805 maiores.
905 1742 1088 1827 ambiguum

10 1854 12 1859 ·
55 1854 117 1920 per
134 1852 170 1897 se
187 1830 292 1917 ipsum
309 1833 461 1917 probatur
478 1831 512 1895 id
529 1831 672 1915 quidem,
698 1842 735 1895 ut
752 1842 824 1897 ante
847 1833 926 1910 dixi,
953 1836 1005 1899 vel
1022 1859 1089 1899 ma-

56 1921 343 2012 xime;{ingeni0si
370 1926 454 1991 enim
480 1927 605 1992 videtur
622 1927 688 1990 vim
710 1926 799 1991 verbi
815 1927 849 1991 in
868 1927 967 2006 aliud,
995 1939 1089 2012 atque

56 2019 157 2086 ceteri
178 2020 347 2106 accipiant,
373 2044 470 2107 posse
489 1994 634 2110 ducere)
647 2020 705 2085 sed
727 2019 966 2085 admirationem
986 2022 1089 2108 magis

57 2135 155 2198 quam
171 2113 271 2179 risum
287 2127 409 2192 movet,
437 2115 499 2179 nisi
517 2115 689 2200 siquando
707 2114 817 2178 incidit
833 2114 867 2179 in
885 2114 970 2178 aliud
987 2136 1088 2201 genus

55 2206 196 2284 ridiculi,
232 2218 313 2290 quae
344 2230 462 2294 genera
491 2230 672 2294 percurram
703 2208 858 2292 equidem.
912 2209 969 2273 sed
1000 2207 1087 2273 scitis
1105 2205 1145 2317 isi

56 2321 131 2367 esse
148 2300 349 2366 notissimum
366 2300 491 2364 ridiculi
508 2324 625 2387 genus,
653 2323 725 2365 cum
747 2303 833 2366 aliud
855 2313 1087 2389 exspectamus,

58 2394 147 2459 aliud
165 2393 292 2457 dicitur:
320 2393 372 2456 hic
388 2393 548 2458 nobismet
564 2393 643 2479 ipsis
671 2405 778 2459 noster
801 2418 887 2460 error
904 2397 1003 2460 risum
1020 2419 1090 2460 mo-

13 2566 19 2571 ·
56 2500 128 2553 vet:
156 2486 270 2568 quodsi
296 2486 473 2550 admixtum
491 2497 540 2552 est
567 2485 765 2572 ambiguum,
792 2489 887 2553 ctiam
904 2489 941 2552 fit
958 2489 1088 2567 salsius3

10 2654 12 2659 ¹
54 2591 95 2644 ut
113 2579 199 2663 apud
214 2578 354 2644 Novium
372 2579 585 2646 videturesse
603 2579 781 2645 misericors
804 2580 873 2658 ille,
900 2583 954 2665 qui
970 2581 1090 2645 iudica-

10 2674 12 2681 '
55 2688 128 2738 tum
146 2671 218 2736 duci
235 2671 346 2737 videns
360 2684 562 2759 percontatur
577 2675 637 2740 itae
657 2674 780 2758 ‘quanti
794 2674 970 2738 addictusl'
990 2675 1089 2740 ‘mille

53 2765 246 2832 nummum?
281 2767 309 2832 si
328 2768 504 2833 addidisset
519 2768 739 2833 tantummodo
757 2768 870 2832 ‘ducas
888 2767 985 2847 licet3’
1005 2780 1090 2834 esset

53 2860 138 2926 illud
154 2882 257 2945 genus
274 2859 398 2927 ridiculi
414 2873 540 2947 praeter
558 2861 827 2948 exspectationem
831 2886 841 2939 ;
868 2861 926 2925 sed
943 2861 1017 2945 quia
1034 2862 1090 2926 ad-

55 2953 140 3019 didit
165 2954 258 3019 ‘nihil
285 2955 381 3034 addo,
409 2957 507 3020 ducas
529 2956 631 3035 licet3'
660 2955 767 3020 addito
785 2955 884 3020 altero
909 2952 1088 3042 [ambiguo]

55 3070 175 3135 genere
192 3048 327 3128 ridiculi,
346 3050 416 3128 fuit,
434 3060 471 3115 ut
487 3050 566 3114 mihi
584 3049 713 3134 quidem
730 3049 865 3127 videtur,
884 3049 1089 3115 salsissimus.

55 3143 121 3208 hoc
137 3152 206 3207 tum
223 3152 273 3208 est
291 3143 560 3222 venustissimum,
580 3166 653 3209 cum
669 3143 702 3208 in
721 3143 923 3208 altercatione
938 3143 1090 3229 adripitur

56 3237 100 3302 ab
127 3235 309 3304 adversario
337 3238 471 3303 verbum
492 3249 525 3303 et
546 3261 587 3304 ex
605 3261 658 3316 eo,
684 3249 720 3302 ut
738 3262 757 3302 a
775 3235 892 3303 Catulo
915 3237 949 3301 iu
966 3238 1089 3324 Philip-

55 3354 149 3419 pum,
179 3330 214 3395 in
240 3354 314 3396 eum
338 3331 446 3418 ipsum
476 3331 608 3417 aliquid,
641 3333 696 3416 qui
720 3332 896 3410 lacessivit,
927 3331 1089 3418 infligitur.

57 3425 118 3492 sed
134 3447 207 3490 cum
231 3425 325 3511 plura
352 3426 416 3491 sint
443 3426 584 3514 ambigui
610 3448 743 3513 genera,
771 3427 810 3491 de
833 3426 947 3509 quibus
965 3437 1016 3490 est
1033 3425 1089 3490 do·
1106 3450 1147 3490 aas

56 3518 160 3584 ctrina
186 3519 343 3605 quaedam
370 3520 530 3599 subtilior,
563 3520 725 3586 attendere
752 3530 784 3583 et
811 3518 961 3602 aucupari
992 3517 1091 3581 verba

56 3614 231 3700 oportebit3
258 3613 391 3698 inquo,
417 3626 454 3679 ut
471 3637 522 3693 ea,
550 3636 632 3697 quae
651 3613 715 3677 sint
736 3612 915 3696 frigidiora,
942 3610 1089 3689 vitemus,

55 3708 236 3773 -etenim
262 3709 440 3774 cavendum
457 3719 520 3785 est,
547 3730 588 3771 ne
607 3704 793 3770 arcessitum
819 3702 938 3766 dictum
963 3713 1091 3788 putetur

54 3802 276 3888 -permulta
301 3813 409 3868 tamen
435 3813 527 3867 acute
554 3801 706 3866 dicemus.
751 3799 883 3862 alterum
906 3819 1007 3883 genus
1031 3809 1090 3876 est,

57 3896 147 3981 quod
163 3896 261 3963 habet
276 3920 409 3984 parvam
427 3895 516 3962 verbi
542 3892 806 3971 immutationem,
834 3892 920 3975 quod
935 3890 969 3956 in
986 3891 1091 3957 littera
1185 3923 1188 3929 ·

56 3990 200 4077 positum
231 3990 348 4081 Graeci
378 4002 495 4057 vocant
524 3991 789 4075 παρονομασίαν,
819 3998 856 4051 ut
869 3986 1090 4067 (Nobiliorem

57 4084 396 4165 mobiliorem’)Cato;
424 4096 492 4163 aut,
518 4095 554 4150 ut
577 4084 678 4174 idem,
706 4104 778 4147 cum
804 4080 930 4146 cuidam
957 4079 1091 4144 dixisset

59 4186 185 4244 ‘eamus
204 4180 453 4246 deambulatum'
472 4190 504 4245 et
520 4179 573 4243 ille
592 4177 684 4261 ‘quid
702 4199 782 4263 opus
800 4174 861 4239 fuit
879 4173 950 4238 del’
979 4172 1089 4237 ‘immo

62 4275 151 4340 vero'
177 4274 281 4359 inquit
306 4275 398 4359 ‘quid
415 4298 495 4363 opus
514 4273 575 4339 fuit
596 4271 661 4337 tel'
689 4282 744 4335 aut
761 4268 903 4334 eiusdem
924 4265 1088 4351 responsio

58 4368 116 4433 illa
141 4367 185 4434 ‘si
203 4380 238 4433 tu
256 4378 298 4449 et,
306 4369 459 4435 adversus
478 4380 510 4434 et
532 4366 666 4431 aversus¹
689 4362 867 4450 impudicus
895 4359 950 4426 es’
995 4359 1089 4425 etiam
1106 4384 1143 4430 aar

58 4461 281 4549 interpretatio
306 4462 443 4528 nominis
470 4462 566 4527 habet
592 4480 739 4536 acumen,
767 4477 839 4521 cum
862 4455 902 4521 ad
923 4454 1090 4520 ridiculum
