2536 5040
10 39 91 301 ξ
361 130 413 185 DE
433 128 615 186 ORATORE
633 132 671 187 ΙΙ.
692 133 811 187 60-67.
1056 121 1097 187 73

14 256 178 339 sinodo,
206 264 328 318 etcum
347 253 386 318 de
409 265 524 318 eventu
551 254 686 333 dicatur,
714 265 750 318 ut
768 277 881 320 causae
904 258 1099 342 explicentur

65 373 179 417 omnes
198 349 249 413 vel
268 370 361 412 casus
380 349 430 412 vel
451 349 622 434 sapientiae
645 349 696 413 vel
715 349 898 414 temeritatis
921 350 1098 416 hominum-

10 440 21 493 ἶ
67 468 129 532 que
148 446 291 532 ipsorum
308 466 372 507 non
391 444 494 508 solum
511 467 563 508 ros
582 455 705 530 gestae,
735 445 917 523 sedetiam,
942 447 996 528 qui
1013 447 1098 510 fama

10 566 26 607 r
66 561 105 606 ac
122 539 250 604 nomine
269 537 439 614 excellant,
459 538 498 602 de
516 537 668 620 cuiusque
687 537 753 601 vita
770 549 864 622 atque
882 549 1007 617 natura3
1026 562 1097 604 ver·
1119 565 1145 606 a

64 635 182 700 borum
195 643 300 698 autem
313 631 393 696 ratio
407 641 439 695 et
456 655 557 716 genus
572 632 722 697 orationis
736 632 842 696 fusum
856 642 949 716 atque
964 644 1097 698 tractum

64 740 101 794 et
133 749 205 792 cum
233 725 362 791 lenitate
393 726 530 809 quadam
560 726 716 809 aequabili
746 727 906 813 profluens
939 727 1006 792 sine
1037 727 1097 793 hac

10 894 18 903 ,
63 820 207 886 iudiciali
224 820 394 907 asperitate
421 831 453 885 et
480 820 547 884 sine
576 820 801 884 sententiarum
824 820 1003 886 forensibus
1023 844 1096 886 acu-

10 906 25 983 i
63 915 127 982 leis
153 915 407 1002 persequendum
434 925 492 980 est.
537 915 649 980 harum
672 925 719 980 tot
745 925 965 1000 tantarumque
991 939 1096 980 rerum

63 1010 224 1077 videtisne
246 1010 312 1074 ulla
334 1032 406 1075 esse
428 1022 611 1096 praecepta,
639 1010 769 1094 quaein
790 1010 908 1074 artibus
934 1010 1096 1075 rhetorum

10 1106 40 1179 ιζ·
63 1103 281 1192 reperiantur?
298 1104 332 1167 in
350 1103 462 1169 eodem
481 1104 604 1169 silentio
621 1105 722 1168 multa
740 1104 800 1168 alia
817 1115 977 1170 oratorum
991 1104 1096 1171 officia

62 1199 244 1276 iacuerunt,
278 1195 518 1284 [cohortationis
542 1209 711 1284 praecepta
737 1199 960 1264 consolationis
987 1200 1097 1264 admo-

10 1344 34 1373 „
62 1291 158 1381 nita]
178 1314 259 1377 quae
276 1293 440 1358 tractanda
462 1302 537 1356 sunt
553 1293 660 1357 omnia
677 1291 897 1370 disertissime,
917 1292 974 1357 sed
991 1293 1095 1359 locum

10 1393 161 1471 ’Τειιιιω
177 1387 212 1451 in
228 1386 278 1452 his
297 1386 431 1464 artibus,
459 1408 540 1470 quae
559 1385 691 1450 traditae
710 1396 797 1463 sunt,
824 1385 944 1450 habent
959 1386 1094 1463 nullum;

63 1492 161 1567 atque
178 1480 212 1545 in
230 1481 291 1547 hoc
313 1504 432 1568 genere
449 1480 505 1545 illa
531 1502 655 1564 quoque
673 1491 723 1545 est
747 1479 870 1544 infinita
887 1480 982 1557 silva,
1010 1483 1094 1563 quod
1115 1504 1141 1545 aa

63 1573 183 1640 oratori
199 1574 355 1661 plerique,
382 1585 419 1639 ut
436 1575 531 1640 etiam
549 1573 688 1641 Crassus
712 1573 864 1650 ostendit,
891 1573 954 1638 duo
977 1597 1096 1659 genera

64 1668 109 1733 ad
126 1668 294 1733 dicendum
312 1668 480 1734 dederunt:
498 1691 597 1733 unum
615 1669 654 1734 de
673 1679 759 1734 certa
776 1667 967 1752 definitaque
987 1689 1092 1743 causa,

10 1830 12 1836 ,
62 1762 176 1848 quales
204 1773 291 1842 sunt,
323 1785 403 1846 quae
429 1763 463 1828 in
488 1764 611 1842 litibus,
644 1786 724 1847 quae
750 1763 784 1827 in
815 1762 1094 1829 deliberationibus

10 1910 20 1949 ;·
61 1868 246 1935 versantur,
270 1857 380 1935 addat,
408 1857 435 1922 si
452 1857 523 1941 quis
542 1856 641 1936 volet,
669 1857 764 1923 etiam
782 1857 992 1935 laudationem
1016 1856 1094 1922 alte-

10 1966 24 2029 ζ,
59 1974 145 2028 rum,
165 1952 250 2034 quod
263 1951 423 2036 appellant
436 1974 546 2017 omnes
560 1952 627 2017 fere
642 1952 821 2037 scriptores,
840 1951 976 2038 explicat
989 1972 1092 2030 nemo,

10 2072 34 2129 ;,
59 2044 221 2111 infinitam
238 2044 364 2130 generis
392 2045 460 2109 sine
477 2056 619 2131 tempore
641 2055 674 2111 et
691 2046 759 2109 sine
777 2067 913 2130 persona
935 2045 1093 2127 quaestio-

59 2161 139 2204 nem
156 2138 278 2204 —hoc
295 2138 371 2222 quid
389 2149 421 2203 et
438 2150 590 2223 quantum
608 2141 663 2218 sit,
682 2162 755 2204 cum
774 2140 892 2216 dicunt,
909 2139 1093 2225 intellegere

10 2236 21 2319 ξ
61 2231 142 2297 mihi
159 2254 223 2297 non
241 2231 403 2298 videntur:
426 2233 454 2297 si
472 2232 556 2297 enim
573 2244 623 2298 est
639 2233 788 2311 oratoris,
808 2253 1024 2316 quaecumque
1040 2256 1092 2298 res
1115 2259 1143 2300 cs

10 2338 26 2375 '-
61 2324 184 2390 infinite
205 2325 310 2412 posita
333 2326 388 2405 sit,
415 2327 455 2392 de
473 2349 624 2413 esposse
642 2327 760 2404 dicere,
787 2326 956 2391 dicendum
978 2326 1037 2390 erit
1055 2327 1093 2404 ei,

10 2455 20 2471 ·-
63 2430 183 2505 quanta
201 2420 242 2485 sit
260 2420 335 2487 solis
349 2421 546 2509 magnitudo,
565 2443 646 2506 quae
660 2421 763 2487 forma
780 2430 896 2498 terrae3
915 2420 955 2485 de
973 2421 1095 2486 mathe-

10 2511 21 2589 ἶ,
61 2514 202 2594 maticis,
233 2516 273 2581 de
299 2517 430 2583 musicis
456 2519 552 2583 rebus
583 2539 648 2581 non
673 2515 790 2604 poterit
816 2516 891 2600 quin
924 2516 1007 2581 dicat
1032 2517 1093 2583 hoc

10 2615 17 2668 ἰ
62 2631 159 2675 onere
178 2620 325 2697 suscepto
341 2634 502 2691 recusare3
531 2612 667 2696 denique
690 2610 734 2690 ei,
761 2611 816 2697 qui
836 2611 1001 2699 profitetur
1022 2636 1095 2678 esse

10 2704 18 2757 ²-
63 2726 158 2770 suum
175 2727 240 2769 non
262 2705 365 2771 solum
387 2706 428 2771 de
449 2706 496 2772 eis
524 2705 762 2784 controversiis,
789 2728 871 2791 quae
898 2707 1093 2793 temporibus

63 2808 97 2863 et
111 2797 258 2885 personis
281 2808 409 2865 notatae
436 2810 524 2878 sunt,
552 2800 613 2865 hoc
636 2810 699 2879 est,
727 2800 767 2865 de
789 2800 936 2866 omnibus
959 2800 1095 2867 forensi-

60 2892 138 2969 bus,
159 2893 215 2957 sed
233 2892 328 2958 etiam
346 2893 386 2959 de
404 2916 556 2981 generum
572 2893 702 2959 infinitis
721 2895 959 2978 quaestionibus
978 2897 1091 2972 dicore,

60 2985 184 3051 nullum
200 2995 396 3071 potestesse
413 3010 514 3073 genus
528 2988 689 3065 orationis,
706 2988 794 3071 quod
812 2988 852 3052 sit
870 2998 1037 3073 exceptum
1049 3023 1093 3034 —-

60 3078 122 3145 sed
139 3079 167 3145 si
184 3080 271 3145 illam
289 3103 414 3165 quoque
430 3093 554 3168 partem
565 3081 793 3166 'quaestionum
811 3081 928 3145 oratori
945 3080 1091 3146 volumus
1111 3073 1148 3184 ἐξ

60 3172 236 3259 adiungere
261 3197 378 3261 vagam
394 3185 427 3241 et
443 3176 575 3240 liberam
593 3184 626 3238 et
641 3173 706 3239 late
725 3183 902 3259 patentem,
929 3183 964 3237 ut
986 3173 1026 3237 de
1043 3195 1093 3237 ro-

58 3268 123 3335 bus
140 3266 234 3332 bonis
258 3277 312 3333 aut
328 3266 436 3346 malis,
463 3266 648 3355 expetendis
671 3276 726 3332 aut
747 3266 922 3352 fugiendis,
950 3266 1091 3333 honestis

60 3373 118 3427 aut
134 3361 295 3448 turpibus,
322 3361 452 3426 utilibus
471 3371 526 3426 aut
541 3361 719 3440 inutilibus,
739 3362 779 3428 de
797 3360 925 3440 virtuto,
945 3362 984 3428 de
1001 3362 1092 3429 iusti-

59 3454 119 3535 tia,
146 3456 187 3521 de
205 3455 411 3535 coutinentia,
430 3456 471 3521 de
488 3455 671 3542 prudentia,
690 3456 730 3522 de
746 3455 965 3544 magnitudino
983 3456 1091 3536 animi,

61 3548 102 3615 de
118 3549 319 3630 liberalitato,
338 3550 378 3616 de
394 3549 527 3637 pietate,
545 3551 586 3617 de
603 3550 749 3630 amicitia,
768 3552 808 3617 de
826 3551 940 3630 officio,
960 3550 999 3615 de
1017 3551 1092 3628 fide,

62 3642 103 3709 ds
120 3644 233 3710 ceteris
251 3643 420 3711 virtutibus
438 3645 665 3730 contrariisque
682 3645 768 3711 vitiis
787 3646 957 3710 dicendum
974 3645 1090 3708 oratori

59 3746 222 3825 putemus,
248 3737 387 3824 itemque
405 3739 445 3804 de
461 3761 497 3804 re
513 3739 654 3826 publica,
678 3740 717 3804 de
734 3738 882 3825 imperio,
900 3737 940 3801 de
957 3758 992 3801 re
1009 3736 1092 3801 mili-

60 3830 136 3911 tari,
159 3831 199 3897 de
217 3832 384 3922 disciplina
400 3832 550 3912 civitatis,
578 3833 618 3898 de
635 3831 798 3899 hominum
814 3830 971 3909 moribus,
995 3829 1091 3895 adsu-

59 3948 185 3993 mamus
203 3949 274 3993 eam
292 3949 417 4013 quoque
433 3937 570 4014 partem,
590 3926 648 3994 scd
664 3926 723 4005 ita,
740 3936 777 3993 ut
794 3925 836 3992 sit
853 3924 1089 4015 circumscripta
