2536 5040
200 233 264 299 140
509 245 547 299 at
566 242 703 300 TULLII
722 242 919 299 CICERONIS

197 367 389 456 imaginibus
416 378 524 433 autem
554 367 736 454 agentibus,
768 366 907 475 acribus,
938 366 1114 453 insignitis,

197 482 361 527 occurrere
380 461 584 544 celeriterque
609 470 774 546 percutere
801 459 940 523 animum
964 460 1104 547 possint,
1134 484 1219 574 quan

197 554 381 620 facultatem
396 551 457 641 [et]
473 553 654 620 exercitatio
669 552 765 631 dabit,
784 574 824 618 ex
838 575 901 637 qua
914 555 1156 620 consuetudo
1123 556 1216 643 gigni·¹
1244 624 1249 640 Ι

197 659 261 714 tur:
290 644 351 735 [et]
371 647 520 713 similium
537 649 705 712 verborum
732 668 887 712 conversa
904 656 936 711 et
952 648 1121 713 immutata
1146 649 1221 715 casi-

196 744 257 808 bus
276 742 483 806 auttraducta
500 750 646 826 exparte
665 740 706 804 ad
723 762 824 826 genus
840 740 959 805 notatio
978 752 1011 806 et
1026 741 1122 806 unius
1137 742 1214 813 verbi

196 835 335 921 imagine
361 834 458 900 totius
490 833 665 899 sententiae
695 833 853 899 informat
832 844 875 897 tro
897 833 1030 941 pictoris
1061 836 1151 901 cuius
1256 864 1260 883 ⁴

198 928 314 994 summi
328 939 379 993 rat
379 928 452 993 ione
470 937 502 992 et
518 927 613 992 modo
639 926 812 991 formarum
838 927 989 991 varietate
959 927 1095 993 tlocos
1114 928 1184 995 dis‘

145 1021 180 1075 88
140 1021 333 1133 859guentis
387 1021 445 1086 sed
469 1022 638 1086 verborum
662 1019 827 1097 memoria,
856 1042 937 1104 quae
962 1020 1067 1086 minus
1094 1032 1145 1089 est
1167 1044 1220 1089 no-.
1250 1043 1260 1082 r

140 1092 246 1180 85‘'bis
272 1115 466 1192 necessaria,
492 1113 611 1179 maiore
638 1113 812 1199 imaginum
833 1114 985 1179 varietate
1007 1114 1222 1202 distinguitur;¹
1253 1112 1260 1175 l

197 1208 298 1273 multa
324 1207 409 1274 enim
435 1218 509 1273 sunt
534 1207 647 1285 verba,
679 1229 760 1291 quae
786 1206 878 1290 quasi
908 1206 1031 1271 articuli
1057 1220 1217 1275 conectrmt
1255 1204 1260 1267 l

195 1304 339 1367 membra
364 1325 420 1367 ora
421 1301 530 1380 tionis,
558 1323 639 1386 quae
661 1300 790 1367 formari
817 1300 925 1365 similit
924 1301 1020 1366 adine
1045 1303 1135 1368 nulla
1150 1324 1224 1389 pos-3

197 1405 285 1474 sunt3
304 1417 413 1459 eorum
431 1395 599 1481 fingendae
618 1405 692 1459 sunt
708 1394 801 1461 nobis
818 1394 988 1480 imagines,
1008 1396 1123 1478 quibus
1142 1416 1229 1462 sem·

195 1510 254 1575 per
278 1498 419 1566 utamur3
445 1511 552 1553 rerum
577 1488 729 1552 memoria
754 1487 882 1573 propria
904 1497 953 1552 est
979 1489 1127 1568 oratoris3
1155 1486 1226 1555 eanr'

197 1582 331 1667 singulis
357 1581 501 1667 personis
519 1583 600 1645 bene
626 1580 738 1666 positis
760 1591 869 1646 notare
887 1602 1072 1666 possumus,
1099 1592 1136 1646 ut
1153 1604 1216 1649 sen·

138 1703 179 1746 aa
196 1675 311 1740 tentiae
329 1674 534 1760 imaginibus,
562 1674 703 1738 ordinem
721 1674 799 1739 locis
822 1673 1143 1760 comprehendamus3
1168 1696 1225 1741 nc·

196 1789 258 1852 que
293 1789 404 1832 verum
438 1776 501 1844 est,
538 1767 622 1850 quod
657 1768 697 1831 ab
732 1767 884 1833 inertibus
921 1767 1047 1846 dieitur,
1088 1766 1217 1856 opprimi

194 1860 379 1925 memoriam
409 1859 583 1946 imaginum
618 1861 758 1945 pondere
789 1870 821 1925 et
854 1862 1016 1927 obscurari
1053 1861 1151 1949 etiam
1179 1860 1233 1941 id,·

195 1954 281 2037 quod
298 1975 356 2040 per
374 1975 408 2018 se
426 1964 539 2019 natura
555 1964 663 2018 tenere
679 1953 849 2038 potuisset:
871 1955 937 2019 vidi
955 1954 1039 2020 enim
1057 1978 1119 2042 ego
1139 1958 1229 2021 suma¹

194 2071 264 2113 mos
291 2047 435 2113 homines
457 2057 490 2113 et
517 2047 623 2111 divina
644 2070 743 2134 prope
769 2049 935 2127 memoria,
963 2048 1100 2114 Athenis
1121 2046 1230 2129 Char·¹

194 2143 335 2219 madum,
361 2141 395 2206 in
421 2141 518 2219 Asia,
550 2163 644 2225 quem
670 2141 777 2207 vivere
803 2143 897 2209 hodie
924 2143 1024 2220 aiunt,
1053 2141 1235 2229 Scepsium.

193 2238 428 2313 Metrodorum,
456 2257 588 2319 quorum
613 2244 745 2319 uterque
768 2245 928 2320 tamquam
953 2236 1065 2302 litteris
1087 2237 1122 2302 in
1141 2260 1236 2317 cera.-

194 2331 240 2395 sic
258 2353 293 2396 se
312 2330 415 2395 aiebat
432 2329 622 2416 imaginibus
639 2330 673 2393 in
691 2330 736 2396 eis
754 2329 847 2409 locis,
875 2353 954 2414 quos
972 2331 1118 2410 haberet,
1142 2354 1220 2416 quae

192 2424 376 2506 meminisse
394 2424 503 2502 vellet,
530 2424 736 2510 perscribere.
782 2447 896 2509 quare
913 2425 974 2490 hac
997 2425 1221 2493 exercitatione
1238 2464 1244 2483 ι

192 2542 257 2585 non
284 2519 423 2583 eruenda
447 2519 599 2584 memoria
624 2529 688 2596 est,
721 2518 749 2583 si
775 2528 825 2583 est
848 2518 937 2584 nulla
964 2520 1133 2599 naturalis;
1167 2518 1239 2587 sed'

193 2623 291 2688 certe,
311 2611 339 2676 si
355 2611 447 2689 latet,
466 2611 628 2677 evocanda
645 2623 703 2677 est.

136 2729 175 2770 aar
251 2703 389 2768 Habetis
408 2726 585 2769 sermonem
602 2704 684 2769 bene
701 2703 833 2790 longum
850 2703 998 2783 hominis,
1015 2705 1140 2771 utinam
1157 2729 1221 2773 non
1246 2776 1250 2783 ,

191 2796 398 2881 impudentis!
429 2796 508 2861 illud
533 2797 661 2880 quidem
686 2808 785 2875 certe,
817 2821 882 2864 non
908 2797 1002 2863 nimis
1033 2801 1250 2879 verecundi3·

192 2889 246 2973 qui
268 2888 409 2972 quidem,
436 2910 509 2953 cum
530 2901 576 2968 te,
605 2888 735 2969 Catule,
762 2902 830 2956 tum
850 2893 946 2958 etiam
963 2894 1005 2960 L.
1024 2892 1145 2960 Crasso
1166 2918 1223 2961 au·

191 2982 310 3060 uenae,
338 2982 378 3047 a
396 2982 658 3050 caesaraeae
676 2994 742 3049 am
758 2985 859 3051 muna
877 2986 1023 3066 caeam
1049 3009 1125 3053 nam
1142 2988 1222 3055 aa
1243 2956 1260 3063 jl

189 3100 261 3142 rum
278 3087 365 3142 aetas
383 3078 487 3142 minus
515 3100 565 3144 me
592 3079 656 3144 fort
643 3089 730 3144 tasse
747 3103 875 3146 movere
903 3082 1021 3148 debuit
1065 3083 1123 3147 sed
1140 3082 1243 3151 milri

189 3170 362 3256 ignoscetis
388 3172 546 3258 profecto,
574 3172 733 3251 simodo,
761 3195 842 3256 quae
869 3195 967 3240 causa
991 3197 1042 3240 me
1067 3175 1110 3241 sd
1136 3176 1226 3243 hanc

138 3261 172 3315 89
188 3263 349 3330 insolitam
365 3264 443 3329 mihi
459 3265 684 3351 loquacitatem
701 3266 876 3355 impulerit,
894 3267 1098 3356 acceperitis?
1146 3277 1235 3357 ‘nos

132 3333 172 3374 ⁸⁶²
189 3359 285 3438 vero,’
305 3358 407 3442 inquit
430 3356 564 3425 Catulus
608 3360 739 3425 ‘etenim
763 3384 822 3447 pro
844 3383 896 3426 me
917 3361 979 3427 hoc
1005 3373 1037 3427 et
1060 3385 1119 3449 pro
1149 3366 1247 3441 meo]-

189 3452 286 3517 fratre
305 3452 462 3536 spondeo,
488 3476 553 3518 non
569 3453 664 3519 modo
683 3453 766 3518 tibi
757 3454 966 3541 ignoscimus,
990 3456 1047 3521 sed
1064 3465 1096 3521 te
1114 3456 1260 3547 diliggp

188 3565 260 3608 mus
285 3566 497 3630 magnamque
521 3546 577 3611 tibi
603 3546 758 3613 habemus
785 3547 934 3634 gratiam,
962 3559 1084 3614 etcum
1106 3548 1249 3617 huma-⁹

188 3637 319 3703 nitatem
337 3647 369 3702 et
356 3637 573 3704 tfacilitatem
591 3640 793 3748 agnoscimus
811 3652 912 3720 tuam,
940 3652 1008 3707 tum
1026 3642 1260 3709 admiramur·¹

187 3731 282 3796 istam
309 3730 473 3796 scientiam
491 3742 523 3797 et
550 3733 683 3820 copiam.
728 3734 875 3817 equidem
901 3735 997 3801 etiam
1014 3735 1075 3801 hoc
1091 3758 1145 3800 me
1164 3736 1225 3802 ad-

189 3835 332 3890 secutum
356 3835 449 3913 puto,
478 3827 564 3912 quod
589 3849 705 3914 magno
733 3850 805 3892 sum
826 3829 950 3894 levatus
978 3851 1082 3895 errore
1109 3840 1143 3894 et
1164 3829 1223 3895 illa

188 3918 395 3985 admiratione
412 3919 579 3999 liberatus,
607 3921 692 4005 quod
708 3920 816 3986 multis
835 3942 907 3986 cum
925 3922 994 3988 aliis
1018 3944 1144 4008 semper
1162 3923 1225 3988 ad-

187 4009 294 4075 mirari
321 4013 476 4091 solebam,
502 4015 588 4080 unde
610 4025 695 4080 esset
715 4015 771 4080 illa
793 4024 880 4080 tanta
905 4026 961 4081 tua
981 4015 1015 4081 in
1040 4015 1147 4081 causis
1171 4016 1225 4081 di-
