2536 5040
205 232 266 295 106
510 241 549 297 M.
568 240 705 298 TULLII
724 239 924 296 CICERONIS

202 367 329 453 ponitur
357 387 429 451 spes
456 363 599 429 utilitatis
626 363 750 429 futurae
777 386 871 448 quam
901 362 1061 449 praeteriti
1085 362 1235 429 beneficii

146 489 186 531 aar
204 459 470 525 commemoratio.
523 457 706 523 enitendum
732 468 795 535 est,
825 467 861 522 ut
885 458 1035 522 ostendas
1061 456 1096 520 in
1123 478 1164 521 ea
1190 478 1234 537 re,

203 577 299 639 quam
317 553 485 630 defendas,
506 563 560 617 aut
578 552 763 638 dignitatem
781 573 853 617 esse
872 563 927 616 aut
943 551 1126 629 utilitatem,
1146 573 1235 616 eum·

204 672 280 734 que,
300 648 351 713 cui
369 647 515 713 concilies
534 647 618 711 hunc
636 669 790 724 amorem,
813 646 973 732 significes
990 645 1069 710 nihil
1087 646 1132 710 ad
1149 644 1235 711 utili·

205 755 302 808 tatem
320 764 412 807 suam
427 741 587 806 rettulisse
606 762 644 806 ac
661 740 740 804 nihil
758 740 886 806 omnino
909 740 1024 805 fecisse
1043 760 1143 805 causa
1161 762 1233 821 sua3

203 836 363 901 invidetur
379 835 464 901 enim
481 834 655 900 commodis
676 833 839 900 hominum
861 834 1017 920 ipsorum,
1044 833 1161 898 studiis
1181 856 1235 899 au·

146 957 187 998 ros
207 942 272 996 tem
297 952 407 995 eorum
433 929 545 994 ceteris
573 928 793 994 commodandi
818 929 953 993 favetur.
996 927 1234 1012 videndumque

203 1024 351 1091 hocloco
369 1034 427 1101 est,
445 1045 496 1100 ne,
515 1044 594 1107 quos
612 1023 654 1088 ob
667 1021 834 1087 benefacta
847 1021 935 1107 diligi
949 1020 1104 1099 volemus,
1123 1042 1234 1086 eorum

204 1118 331 1182 laudem
349 1128 443 1199 atque
461 1115 609 1202 gloriam,
637 1114 688 1180 cui
708 1115 846 1179 maxime
863 1114 998 1179 invideri
1016 1114 1112 1191 solet,
1139 1114 1234 1180 nimis

204 1213 317 1277 efferre
338 1211 515 1289 videamur3
544 1220 638 1294 atque
665 1209 786 1275 eisdem
808 1209 857 1273 his
876 1231 917 1273 ex
937 1208 1016 1273 locis
1039 1218 1071 1272 et
1091 1208 1128 1272 in
1154 1209 1233 1275 alios
1257 1265 1258 1272 ,

204 1306 311 1370 odium
334 1315 454 1370 struere
476 1304 635 1370 discemus
653 1314 686 1370 et
703 1326 723 1368 a
738 1303 830 1369 nobis
849 1324 887 1368 ac
907 1302 1023 1367 nostris
1047 1301 1232 1383 demovere;

203 1399 377 1484 cademque
402 1399 483 1463 hacc
508 1421 626 1485 genera
653 1408 727 1464 sunt
752 1397 916 1462 tractanda
940 1396 1162 1461 iniracundia
1184 1396 1232 1463 vel

203 1493 370 1558 excitanda
386 1493 438 1558 vel
457 1493 611 1570 sedanda3
638 1491 772 1569 namsi,
796 1491 880 1575 quod
896 1489 988 1577 ipsis,
1017 1489 1072 1573 qui
1090 1491 1230 1568 audiunt,
1249 1506 1252 1513 '

202 1588 414 1673 perniciosum
441 1596 496 1652 aut
520 1586 631 1650 inutile
662 1586 715 1662 sit,
747 1585 781 1649 id
807 1586 926 1650 factum
956 1607 1091 1671 augeas,
1124 1585 1230 1651 odium
1247 1660 1250 1665 ¹

204 1682 423 1773 ereatur;(sin‚
442 1680 528 1763 quod
545 1690 600 1744 aut
616 1679 650 1744 in
666 1680 768 1745 bonos
786 1680 871 1745 viros
891 1679 996 1745 autin
1013 1702 1078 1757 cos,
1098 1679 1134 1744 in
1152 1702 1228 1765 quos

202 1774 330 1838 minime
348 1773 480 1857 quisque
499 1773 655 1851 debuerit,
683 1785 738 1838 aut
753 1772 787 1837 in
803 1796 871 1838 rem
887 1773 1046 1860 publicam
1050 1776 1070 1875 ,)
1088 1784 1160 1839 tum
1178 1796 1227 1840 ex-

203 1867 330 1945 citatur,
359 1867 387 1931 si
403 1889 469 1932 non
486 1878 551 1932 tam
574 1868 722 1933 acerbum
744 1868 866 1946 odium,
892 1878 998 1932 tamen
1016 1878 1071 1933 aut
1091 1867 1227 1933 invidias

144 1983 184 2024 aaa
203 1969 258 2025 aut
275 1959 340 2025 odii
357 1983 421 2026 non
440 1960 601 2026 dissimilis
620 1961 753 2027 offensio
759 1986 768 2040 ;
795 1961 871 2027 item
890 1961 982 2026 timor
1007 1960 1160 2026 incutitur
1177 1973 1227 2027 aut

203 2054 402 2141 exipsorum
419 2055 567 2141 periculis
582 2066 636 2120 aut
653 2078 694 2120 ex
711 2055 929 2122 communibus
936 2054 1092 2147 :linterior
1111 2066 1162 2121 est
1177 2056 1224 2121 illc

201 2139 374 2253 propriusp
391 2149 450 2215 sed
470 2149 523 2214 hic
550 2171 675 2235 quoque
702 2149 876 2215 communis
900 2150 942 2213 ad
963 2148 1098 2214 eandem
1120 2148 1224 2215 simili·

148 2251 184 2305 52
202 2243 343 2309 tudinem
360 2254 409 2309 est
434 2243 664 2329 perducendus.
708 2254 877 2329 paratque
902 2266 966 2307 una
982 2242 1062 2308 ratio
1081 2254 1133 2309 est
1150 2242 1223 2330 spei,
1244 2267 1245 2270 ¹

200 2337 352 2416 laetitiae,
378 2337 557 2415 molestiae3
585 2337 643 2402 sed
659 2336 745 2401 haud
766 2337 864 2402 sciam
882 2360 922 2401 an
940 2336 1111 2403 acerrimus
1133 2338 1230 2424 longe·
1267 2339 1268 2356 ¹

202 2432 245 2497 sit
261 2432 401 2496 omnium
417 2441 523 2496 motus
540 2431 677 2496 invidiae
694 2452 754 2495 nec
771 2434 875 2496 minus
901 2429 1015 2495 virium
1037 2452 1119 2518 opus
1138 2430 1225 2497 sitin
1267 2435 1268 2463 ³

200 2548 240 2591 ea
258 2525 494 2612 comprimenda
511 2546 607 2608 quam
623 2525 657 2589 in
674 2525 850 2590 excitanda
885 2524 1029 2589 invident
1046 2534 1154 2590 autem
1172 2526 1224 2591 ho-

201 2619 302 2685 mines
320 2619 457 2684 maxime
479 2619 609 2705 paribus
632 2630 686 2683 aut
710 2618 925 2695 inferioribus,
953 2640 1026 2683 cum
1043 2640 1078 2683 sc
1100 2618 1247 2685 relictos

202 2713 353 2790 sentiunt,
371 2713 443 2778 illos
463 2722 569 2777 autem
586 2713 694 2778 dolent
711 2711 855 2777 evolasse
860 2738 870 2790 ;
899 2713 1069 2778 sedetiam
1086 2714 1226 2800 superio-

199 2804 288 2869 ribus
314 2805 472 2870 invidetur
498 2827 594 2892 saepe
615 2805 819 2872 vehementer
844 2817 877 2871 et
894 2828 931 2872 eo
953 2805 1070 2893 magis,
1098 2807 1127 2872 si
1146 2806 1225 2873 Intn-

199 2897 351 2962 lerantius
384 2921 419 2963 se
448 2898 568 2963 iactant
598 2910 630 2964 et
659 2900 913 2984 aequabilitatem
944 2900 1120 2968 communis
1150 2901 1224 2967 iuris
1258 2977 1259 2980 Ἴ

199 2992 395 3078 praestantia
420 2992 582 3079 dignitatis
602 3005 656 3058 aut
677 2995 822 3060 fortunae
840 3016 917 3059 suae
940 3005 1119 3074 transeunt3
1147 3016 1225 3080 quae
1254 3042 1265 3079 ·.

201 3086 229 3151 si
255 3085 480 3152 inflammanda
506 3096 593 3165 sunt,
624 3087 761 3154 maxime
793 3088 961 3154 ‹hcendum
988 3099 1037 3154 est
1063 3112 1129 3155 non
1155 3112 1226 3157 essa

200 3181 316 3247 virtute
332 3192 437 3268 parta,
460 3181 574 3247 deinde
592 3182 686 3248 etiam
703 3183 787 3249 vitiis
806 3194 901 3268 atque
918 3183 1071 3270 peccatis,
1093 3194 1177 3265 tum,
1200 3184 1227 3251 si

201 3287 293 3341 erunt
314 3275 496 3343 honestiora
518 3286 612 3361 atque
638 3277 798 3365 graviora,
827 3288 933 3343 tamen
959 3301 1024 3343 non
1045 3300 1118 3343 esse
1142 3289 1229 3345 tanta
1263 3317 1266 3332 ν

201 3370 256 3435 illa
273 3371 399 3450 merita,
427 3382 544 3456 quanta
561 3372 729 3438 insolentia
750 3372 887 3438 hominis
905 3383 1120 3456 quantumque
1138 3373 1229 3439 fasti·
1256 3424 1259 3429 -

143 3480 184 3522 210
202 3462 288 3526 dium
293 3488 303 3540 3
332 3465 374 3528 ud
391 3465 568 3530 sedandum
589 3476 710 3544 autem,
736 3488 854 3553 magno
876 3464 931 3531 illa
951 3465 1072 3542 labore,
1099 3468 1252 3553 magnis.

200 3554 348 3642 periculis
376 3578 447 3621 esse
473 3568 565 3643 parta
590 3581 650 3624 nec
676 3559 719 3623 ud
744 3583 837 3624 suum
863 3559 1077 3637 commodum,
1105 3560 1166 3625 sed
1188 3560 1231 3627 ad
1257 3630 1260 3635 ,

203 3649 335 3716 aliorum
361 3671 433 3715 esse
460 3650 598 3729 conlata3
626 3652 756 3735 quaesi
782 3674 878 3737 quam
903 3653 1037 3739 gloriam
1062 3653 1230 3740 peperisse

201 3744 379 3823 videantur,
408 3744 575 3809 tamenetsi
597 3767 636 3810 ea
651 3767 716 3810 non
739 3745 780 3810 sit
799 3746 908 3831 iniqua
934 3769 1056 3812 meroes
1082 3747 1229 3832 periculi,

201 3850 307 3904 tamen
325 3862 444 3905 canon
462 3839 611 3905 delectari
623 3849 783 3924 totamque
801 3840 924 3906 abicere
939 3851 1032 3925 atque
1051 3840 1214 3926 deponere
1219 3867 1228 3920 ;

201 3931 391 4017 omninoque
418 3933 644 4019 perficiendum
662 3943 725 4011 est,
752 3934 900 4018 quoniam
921 3935 1063 4022 plerique
1085 3945 1161 3999 sunt
1176 3933 1230 3999 in-

201 4024 265 4088 vidi
282 4027 481 4112 maximeque
499 4026 560 4094 hoc
577 4039 627 4094 est
644 4049 809 4094 commune
827 4028 938 4095 vitium
955 4040 987 4094 et
1003 4041 1228 4117 pervagatum,

1181 4352 1191 4369 ἱ
1224 4298 1249 4512 ιΙΙ

1244 4482 1268 4511 ll!¹
