2498 5310
155 576 216 639 104
462 584 499 639 M.
519 584 654 641 TULLII
674 580 874 639 CICERONIS

153 709 377 796 increpandam
396 707 567 796 Caepionis
586 708 705 793 fugam,
723 706 757 771 in
774 705 1012 791 deplorandum
1030 705 1118 773 interi
1141 740 1150 766 a

153 803 325 869 exercitus:
345 803 390 867 sic
408 814 567 868 eteorum
585 802 740 878 dolorem,
759 800 813 884 qui
829 800 989 886 lugebant
1008 823 1099 881 suos,
1115 826 1162 867 ora

153 898 238 964 tione
260 897 448 963 refricabam
471 908 503 961 et
524 896 646 961 arrimos
673 894 814 979 equitum
837 894 1078 973 Romanorum,
1103 918 1162 961 aaa¹
1198 940 1202 999 Ι

153 1015 233 1077 quos
266 1004 333 1056 tum
362 988 511 1077 [iudices]
544 1013 641 1055 eausa
671 990 838 1075 agebatur,
869 989 912 1053 ad
939 986 984 1069 Q.
1015 986 1161 1077 Caepioni

153 1087 276 1164 odium,
304 1108 367 1170 quo
384 1096 475 1150 erant
490 1085 553 1171 ipsi
570 1094 698 1171 propter
715 1082 831 1147 iudicia
848 1082 1036 1161 abalienati,
1055 1105 1135 1149 reno

100 1177 135 1231 49
152 1181 237 1246 bam.
282 1179 367 1263 quod
384 1178 438 1243 ubi
457 1179 544 1244 sensi
560 1200 612 1243 me
628 1178 662 1242 in
684 1176 921 1264 possessionem
947 1176 1062 1241 iudicii
1079 1198 1114 1243 ac
1127 1176 1161 1241 (ls-

94 1250 135 1291 ²⁰⁰
153 1275 307 1340 fensionis
325 1296 414 1338 meae
434 1272 629 1350 constitisse,
648 1272 733 1356 quod
752 1281 783 1335 et
800 1270 910 1357 populi
927 1270 1160 1337 benevolentias
1193 1358 1196 1364 Ι

152 1368 230 1433 mihi
258 1368 472 1445 consiliam,
500 1367 589 1431 cuius
616 1367 667 1430 ius
695 1366 790 1431 etiam
817 1387 888 1429 cum
916 1365 1088 1431 seditionis
1117 1394 1147 1421 w

152 1462 312 1527 iunctione
330 1461 547 1537 defenderam,
575 1469 608 1525 et
624 1460 764 1524 iudicum
782 1459 903 1524 animos
927 1468 1017 1525 totos
1037 1458 1090 1525 vel
1104 1458 1162 1523 calt-

151 1556 261 1619 mitate
288 1553 424 1618 civitatis
443 1553 494 1619 vel
511 1554 599 1618 luctu
621 1575 659 1618 ac
681 1552 838 1618 desiderio
862 1553 1164 1639 propinquorum

152 1649 225 1713 odio
247 1647 374 1734 proprio
396 1647 429 1711 in
449 1647 644 1735 Caepionem
667 1648 709 1711 ad
726 1669 855 1712 causam
880 1657 1031 1712 nostram
1058 1668 1163 1713 conru-

152 1753 267 1820 teram‚
296 1752 364 1807 tum
391 1742 565 1808 admiscere
590 1742 664 1806 huic
690 1741 799 1827 generi
825 1740 976 1806 orationis
1005 1736 1163 1805 vehementi
1198 1776 1201 1782 ·

153 1848 248 1923 atque
266 1837 365 1902 atroci
382 1859 482 1922 genus
501 1837 579 1900 illud
602 1836 749 1913 alterum,
777 1835 816 1899 de
834 1856 897 1918 quo
915 1844 990 1899 ante
1016 1832 1163 1921 disputari,

151 1932 290 1999 lenitatis
309 1944 342 1997 et
358 1931 607 1996 mansuetudinis
626 1931 730 2016 coepi:
740 1924 809 2023 i'pne
826 1951 884 2016 pre
900 1951 975 1995 meo
993 1930 1114 2011 sodali,
1128 1950 1163 2013 qu

152 2027 230 2090 mihi
246 2027 280 2088 in
296 2025 430 2089 liberum
451 2024 521 2088 loco
539 2045 626 2088 more
644 2024 799 2088 maiorum
817 2046 888 2089 esse
907 2023 1060 2102 deberet,
1082 2035 1113 2091 et
1133 2056 1143 2081 r
1156 2055 1168 2070 r

151 2141 224 2182 mea
241 2117 327 2182 omni
345 2117 432 2179 fama
451 2114 577 2202 [prope]
598 2117 797 2202 fortunisque
820 2110 1001 2208 decernere)
1010 2117 1096 2183 nihil
1108 2112 1164 2181 nli

152 2211 193 2274 ad
211 2209 475 2274 existimationem
493 2211 629 2296 turpius,
652 2211 731 2274 nihil
748 2212 789 2276 ad
808 2211 949 2276 dolorem
968 2213 1116 2278 acerbius

152 2303 257 2368 cidere
283 2325 394 2388 posse,
422 2325 517 2388 quam
539 2304 567 2369 si
589 2304 631 2382 is,
660 2305 715 2388 qui
740 2326 835 2391 saepe
862 2304 1071 2372 alienissimis
1089 2330 1109 2371 a
1129 2337 1146 2360 a
1189 2306 1201 2376 s

152 2397 210 2462 sed
226 2397 306 2462 meis
329 2408 435 2463 tamen
458 2399 579 2465 civibus
604 2398 697 2465 saluti
724 2399 920 2464 existimarer
937 2399 1059 2479 fuisse,
1087 2394 1164 2467 sold

95 2519 133 2559 sor
150 2514 223 2557 meo
242 2491 393 2556 auxilium
411 2493 494 2558 ferre
511 2517 577 2558 non
593 2493 768 2579 potuissem
774 2518 783 2571 3
810 2493 959 2579 petebam
977 2516 997 2557 a
1014 2494 1165 2569 iudicibus,

151 2596 187 2649 ut
202 2585 281 2649 illud
303 2586 398 2651 aetati
418 2609 524 2665 meae,
551 2598 586 2651 ut
612 2586 799 2665 honoribus,
825 2598 862 2651 ut
887 2586 984 2653 rebus
1011 2588 1127 2675 gestis,
1147 2584 1165 2651 ε’

150 2680 249 2759 iusto,
277 2680 304 2745 si
321 2681 374 2766 pio
393 2681 500 2746 dolore
526 2704 578 2746 me
605 2704 677 2746 esse
700 2682 860 2746 adfectum
882 2680 1045 2761 viderent,
1074 2702 1166 2749 εοεα-

152 2775 275 2853 derent3
302 2775 488 2860 praesertim
507 2776 534 2840 si
551 2775 585 2839 in
603 2776 672 2840 aliis
691 2774 795 2840 causis
823 2774 1059 2841 intellexissent
1081 2774 1167 2843 omnis

150 2892 202 2934 me
229 2892 354 2955 semper
379 2892 437 2956 pro
465 2869 637 2934 amicorum
659 2869 820 2956 periculis,
849 2868 927 2932 nihil
948 2890 1106 2954 umquam
1123 2888 1169 2957 pro

149 2963 290 3048 meipso
308 2964 521 3048 deprecatum.
567 2963 664 3028 sicin
685 2963 740 3027 illa
761 2962 847 3028 omni
873 2962 1063 3029 defensione
1091 2974 1168 3049 atquc

150 3078 260 3132 causa,
288 3055 374 3138 quod
396 3078 467 3121 esse
484 3057 518 3119 in
536 3068 603 3120 arte
624 3057 764 3141 positum
790 3056 969 3134 videbatur,
997 3068 1036 3123 ut
1055 3060 1097 3125 de
1112 3058 1170 3145 legs

148 3149 311 3233 Appuleia
328 3148 479 3226 dicerem,
498 3160 534 3212 ut
552 3149 628 3231 quid
646 3160 731 3215 esset
747 3149 890 3215 minuere
907 3149 1113 3218 maiestatem
1127 3174 1175 3217 ex-

149 3240 312 3327 plicarem,
340 3262 494 3325 perquam
519 3241 657 3306 breviter
683 3243 853 3329 perstrinxi
880 3255 974 3327 atque
998 3246 1108 3333 attigi3
1130 3244 1170 3309 h'n

149 3332 272 3397 duabus
295 3334 438 3419 partibus
465 3335 630 3413 orationis,
657 3357 791 3419 quarum
812 3338 911 3403 altera
932 3333 1179 3407 commendatic-¹

148 3450 223 3493 nem
240 3427 349 3506 habet,
368 3429 467 3494 altera
486 3430 736 3509 concitationem,
756 3453 837 3516 quae
855 3431 984 3496 minime
1002 3430 1182 3521 praeceptis.¹

151 3523 264 3588 artium
292 3535 366 3589 sunt
390 3524 578 3611 perpolitae,
606 3525 709 3590 omnis
736 3534 785 3590 est
807 3548 826 3588 a
847 3548 899 3590 me
924 3525 980 3590 illa
997 3547 1100 3593 causa
1120 3538 1183 3593 trs·-

151 3628 249 3697 ctata,
275 3630 311 3685 ut
329 3629 362 3685 et
379 3619 549 3685 acerrimus
568 3619 601 3684 in
620 3618 791 3707 Caepionis
810 3619 929 3684 invidia
945 3620 1134 3689 renovanda
1146 3628 1181 3687 cl.

147 3713 182 3776 in
198 3714 278 3779 meis
296 3715 437 3781 moribus
456 3738 533 3802 erga
549 3737 637 3781 meos
656 3713 853 3781 necessarios
872 3713 1074 3781 declarandis
1092 3734 1185 3781 man·

149 3806 347 3872 sactissimus
373 3809 511 3874 viderer:
538 3810 583 3874 ita
607 3810 710 3897 magis
739 3809 872 3875 adfectis
899 3808 1012 3873 animis
1040 3810 1176 3877 iudicum

148 3920 244 3982 quam
270 3901 385 3977 doctis,
418 3912 486 3978 tua,
515 3900 650 3988 Sulpici,
684 3915 733 3968 est
759 3928 779 3968 a
803 3903 895 3968 nohis
923 3914 990 3967 tum
1017 3904 1177 3971 accusatio

96 3990 131 4045 50
149 3992 252 4059 victa?
296 3993 349 4058 hic
367 3992 543 4080 Sulpicius,
572 4002 661 4060 ‘vere
679 3996 804 4075 hercle‚’
831 3996 934 4080 inquit
951 3998 1101 4077 ‘Antoni
1119 4000 1177 4065 ista

90 4063 131 4103 ²⁰⁹
148 4110 376 4155 commemoras
381 4114 390 4167 3
417 4111 493 4153 nam
510 4111 570 4175 ego
588 4088 666 4153 nihil
688 4111 838 4174 umquam
864 4091 943 4169 vidi,
971 4092 1060 4175 quod
1076 4104 1144 4159 tam
1159 4114 1178 4157 c
1192 4085 1202 4139 -’

148 4184 294 4250 manibus
321 4184 511 4263 elaberetur,
538 4204 635 4268 quam
652 4183 730 4248 mihi
757 4194 824 4248 tum
842 4194 892 4250 est
909 4186 1019 4271 elapsa
1035 4185 1093 4251 illa
1109 4186 1178 4274 ipsa
1196 4180 1201 4255 .'

148 4300 253 4346 causa.
306 4302 378 4346 cum
405 4279 502 4359 enim,
534 4301 630 4364 quem
656 4279 853 4345 admodum
879 4278 1000 4357 dixisti,
1030 4278 1092 4346 tibi
1117 4300 1180 4369 ego

147 4396 212 4437 non
237 4374 401 4453 iudicium,
433 4373 491 4440 sed
515 4373 695 4440 incendium
727 4374 941 4453 tradidissem,
975 4374 1063 4458 quod
1088 4386 1179 4441 tuum
