2498 5310
154 621 216 685 126
458 631 496 685 M.
516 630 653 688 TULLII
672 629 877 686 CICERONIS

150 779 264 834 unum3
284 755 333 822 sin
351 765 457 820 autem
474 755 507 819 in
526 754 743 820 conciliatione
761 765 816 818 aut
829 750 864 817 in
877 753 1076 840 permotione

152 861 215 928 est,
243 850 374 915 adeam
390 871 442 914 me
463 848 664 935 potissimum
690 860 828 934 partem,
857 869 944 931 quae
968 848 1081 914 maxim

95 970 135 1011 aas
153 966 227 1009 vere
246 943 367 1009 animos
386 942 549 1008 hominum
571 951 691 1028 potest,
720 943 860 1008 confero.
907 943 1081 1021 summade

152 1038 246 1103 huius
274 1037 399 1125 generis
426 1037 506 1101 haec
532 1047 595 1114 est,
622 1047 658 1101 ut
685 1035 712 1100 si
739 1036 772 1101 in
797 1035 982 1103 refellendo
1009 1036 1081 1102 adra

151 1133 270 1199 firmior
296 1154 369 1198 esse
394 1131 494 1196 oratio
522 1152 618 1215 quam
638 1131 672 1196 in
690 1129 917 1196 confirmandis
946 1130 1081 1196 nostris:

150 1237 271 1313 potest,
294 1225 402 1292 omnia
418 1225 452 1288 in
468 1224 557 1289 illum
576 1224 640 1290 tela
657 1225 831 1302 conferam3
861 1223 914 1289 sin
932 1235 1081 1311 nostrap

152 1319 291 1398 facilius,
319 1342 414 1404 quam
430 1318 486 1383 illa
502 1318 652 1404 redargui
668 1328 817 1403 possunt,
844 1318 1011 1383 abducere
1029 1317 1081 1383 ani

94 1440 134 1481 aar
151 1415 309 1480 contraria
326 1413 510 1479 defensione
528 1423 561 1478 et
578 1414 619 1477 ad
635 1424 778 1478 nostram
795 1433 893 1478 conor
911 1413 1077 1478 deducere.

152 1508 288 1592 denique
309 1508 372 1586 illa,
391 1528 473 1590 quae
490 1506 641 1572 facillima
658 1507 813 1585 videntur,
831 1506 990 1590 quoniam
1007 1529 1079 1592 quac

151 1601 260 1667 uiliora
291 1612 382 1679 sunt,
413 1624 478 1666 non
503 1624 649 1688 possum,
681 1601 841 1687 mihipte
872 1623 949 1667 meo
981 1601 1081 1667 iuret

149 1718 263 1774 unum,
289 1707 326 1761 ut
342 1697 477 1762 molesto
504 1708 559 1762 aut
584 1694 704 1760 difficili
731 1706 918 1782 argumento
949 1705 1007 1760 ant
1027 1694 1081 1761 loct

150 1812 324 1876 numquam
339 1790 467 1856 omnino
485 1789 564 1855 nihil
579 1789 799 1876 respondeam,
819 1789 905 1873 quod
921 1788 1081 1855 forsitans

150 1886 218 1951 iure
243 1885 395 1963 inriserit3
425 1885 494 1969 quis
522 1883 606 1950 enim
633 1894 696 1961 est,
725 1883 829 1968 quiid
849 1883 961 1948 facere
984 1906 1081 1971 nonp

151 1980 210 2046 sed
227 1989 334 2044 tamen
360 2001 420 2064 ego
440 1978 479 2042 de
501 2000 574 2042 mea
599 1999 699 2055 nunc,
726 1978 849 2043 nonde
872 1977 1012 2042 aliorum
1036 1977 1081 2043 fac

151 2074 278 2158 disputo
296 2071 509 2154 confiteorque
524 2093 591 2148 me,
615 2071 643 2137 si
660 2093 725 2156 qua
740 2082 863 2159 premat
881 2094 934 2137 res
955 2071 1081 2138 veheme

149 2165 195 2229 ita
221 2165 333 2230 cedere
364 2162 480 2242 solere,
513 2176 549 2230 ut
577 2187 642 2230 non
668 2166 763 2232 modo
789 2188 855 2231 non
885 2164 1030 2245 abiecto,
1058 2186 1081 2231 st

149 2258 267 2323 reiecto
285 2257 412 2341 quidem
431 2268 520 2325 scuto
549 2260 660 2346 fugere
687 2260 810 2338 videar,
837 2260 897 2326 sed
914 2260 1081 2326 adhiberer

151 2352 225 2416 dam
241 2351 276 2417 in
293 2352 427 2419 dicendo
446 2353 585 2440 speciem
607 2366 701 2440 atque
726 2377 877 2441 pompam
895 2364 929 2420 et
945 2376 1072 2441 pugnae

149 2446 214 2513 lem
231 2446 355 2534 fugam3
383 2448 557 2515 consistere
573 2471 649 2515 vero
667 2449 700 2512 in
718 2470 789 2514 meo
806 2447 968 2534 praesidio
988 2449 1048 2527 sic,
1062 2470 1081 2511 n

150 2541 295 2628 fugiendi
311 2541 427 2620 hostis,
455 2543 513 2608 sed
530 2542 675 2629 capiendi
691 2542 754 2608 loci
771 2563 869 2607 causa
894 2543 1034 2608 cessisse
1057 2540 1081 2605 vl

92 2656 132 2698 aas
150 2635 283 2700 alterum
300 2645 349 2700 est
366 2634 457 2713 illud,
485 2636 570 2720 quod
587 2658 647 2724 ego
665 2635 802 2701 maxime
820 2635 938 2701 oratori
954 2632 1081 2701 cavendi

148 2729 380 2816 providendum
404 2740 482 2816 puto
501 2730 649 2814 quodque
667 2752 718 2794 me
746 2728 916 2795 sollicitare
943 2750 1081 2794 summer

149 2847 214 2889 non
232 2835 297 2889 tam
314 2836 351 2890 ut
366 2824 487 2910 prosim
506 2823 627 2900 causis,
655 2822 817 2888 elaborare
844 2824 947 2901 soleo,
975 2842 1081 2907 quam*

149 2917 226 3002 quid
242 2917 359 2995 obsim;
387 2940 451 2983 non
470 2918 546 3001 quin
570 2917 751 2983 enitendum
770 2917 812 2982 sit
828 2916 861 2980 in
878 2927 1031 3000 utroque,
1055 2936 1081 2981 se

148 3033 223 3075 men
248 3011 348 3076 multo
374 3022 425 3076 est
452 3012 574 3098 turpius
606 3011 723 3077 oratori
754 3010 902 3076 nocuisse
933 3010 1035 3076 videri
1062 3029 1081 3074 ct

98 3113 132 3167 73
150 3126 245 3185 quam
270 3126 335 3169 non
361 3091 634 3195 profrdsse.)tsed
652 3104 728 3188 quid
750 3103 812 3170 hoc
837 3105 908 3170 loco
935 3127 994 3171 vos
1012 3104 1081 3168 inter

149 3194 283 3260 Catule?
314 3219 355 3261 an
385 3196 478 3274 haec,
509 3207 546 3260 ut
572 3209 647 3263 sunt
668 3199 913 3276 contemnenda,
946 3210 1081 3264 contenn

149 3286 315 3366 ‘minime,'
342 3288 444 3373 inquit
470 3289 524 3355 ille
552 3291 625 3355 ‘sed
643 3289 765 3356 Caesar
783 3292 824 3357 de
840 3291 903 3357 isto
930 3291 1003 3378 ipso
1030 3291 1081 3376 qui

147 3381 229 3449 velle
256 3382 360 3449 dicere
377 3384 565 3450 videbatur?
610 3390 677 3451 ‘me
694 3407 771 3451 vero
797 3386 928 3451 Bbente’
956 3386 1081 3470 inquitr

91 3498 131 3540 aaa
148 3478 221 3544 nius
249 3477 379 3543 ‘dixerit
397 3478 464 3544 sive
481 3478 647 3544 refellendi
673 3500 771 3543 causa
787 3479 855 3544 sive
873 3480 1067 3563 quaerendi!

146 3573 248 3640 Iulius
276 3579 351 3661 ‘ego
377 3572 580 3652 mehercule,’
608 3573 711 3657 inquit
737 3573 887 3651 ‘Antoni,
916 3596 1043 3660 semper
1067 3573 1081 3639 i

148 3667 258 3752 quide
276 3679 307 3735 te
333 3679 457 3734 oratore
485 3668 532 3734 sic
557 3667 788 3755 praedicarem,
816 3688 916 3730 unum
934 3677 965 3732 te
982 3667 1018 3731 in
1047 3667 1081 3732 di·

146 3761 225 3826 mihi
236 3761 337 3826 videri
349 3762 555 3828 tectissimum
571 3762 797 3849 propriumque
814 3760 876 3826 hoc
893 3783 965 3826 esse
983 3761 1081 3827 laudis

146 3853 225 3916 nihil
251 3877 271 3918 a
296 3865 327 3919 te
353 3878 505 3939 umquam
530 3879 603 3923 esse
632 3857 764 3934 dictum,
792 3855 878 3939 quod
899 3857 1029 3922 obesset
1052 3857 1081 3922 ei

147 3967 209 4030 quo
228 3945 364 4026 diceres;
389 3947 485 4031 idque
502 3949 655 4015 memoria
672 3960 779 4028 teneo,
798 3971 871 4013 cum
888 3948 965 4014 mihi
983 3972 1081 4019 serm<

147 4041 213 4120 hoo¹
226 4036 360 4118 Crasso,
378 4040 485 4107 multis
504 4041 719 4122 audientibus,
738 4054 824 4108 esset
840 4040 1004 4110 institutus
1023 4041 1081 4110 Cra

147 4158 209 4220 que
234 4133 378 4223 plurimis
405 4135 511 4201 verbis
535 4136 749 4220 eloquentiam
766 4136 910 4201 laudaret
927 4148 1031 4215 tuam,
1060 4139 1081 4202 d

145 4254 292 4297 mecum
319 4230 432 4298 ceteris
459 4232 521 4298 tuis
547 4232 695 4298 laudibus
723 4232 805 4297 hanc
831 4253 903 4297 esse
920 4231 972 4296 vel
994 4232 1081 4297 maxi

148 4326 233 4409 quod
248 4349 313 4392 non
330 4327 433 4393 solum
451 4328 537 4412 quod
554 4350 634 4415 opus
648 4339 734 4394 esset
751 4328 882 4405 diceres,
902 4327 960 4392 sed
977 4327 1077 4392 etiam

89 4446 129 4487 aas
147 4426 212 4483 non
230 4441 310 4507 opus
329 4433 415 4488 esset
430 4445 496 4488 non
522 4423 642 4489 diceres
648 4448 658 4502 ;
685 4432 752 4487 tum
769 4421 858 4486 illum
879 4420 958 4486 mihi
982 4445 1081 4509 respo
