<?xml version="1.0" encoding="UTF-8"?>
<!DOCTYPE html PUBLIC "-//W3C//DTD XHTML 1.0 Transitional//EN"
    "http://www.w3.org/TR/xhtml1/DTD/xhtml1-transitional.dtd">
<html xmlns="http://www.w3.org/1999/xhtml" xml:lang="en" lang="en">
 <head>
  <title>
</title>
<meta http-equiv="Content-Type" content="text/html;charset=utf-8" />
  <meta name='ocr-system' content='tesseract 3.04.00' />
  <meta name='ocr-capabilities' content='ocr_page ocr_carea ocr_par ocr_line ocrx_word'/>
</head>
<body>
  <div class='ocr_page' id='page_1' title='image "./deoratoreadquin00cicegoog_0177.png"; bbox 0 0 2536 5040; ppageno 0'>
   <div class='ocr_carea' id='block_1_1' title="bbox 153 250 845 315">
    <p class='ocr_par' dir='ltr' id='par_1_1' title="bbox 153 250 845 315">
     <span class='ocr_line' id='line_1_1' title="bbox 153 250 845 315; baseline -0.003 -1"><span class='ocrx_word' id='word_1_1' title='bbox 153 250 215 315; x_wconf 75' lang='grc'><strong>170</strong></span> <span class='ocrx_word' id='word_1_2' title='bbox 433 258 472 314; x_wconf 87' lang='grc' dir='ltr'><strong>Μ.</strong></span> <span class='ocrx_word' id='word_1_3' title='bbox 492 257 627 315; x_wconf 89' lang='lat' dir='ltr'>TULLII</span> <span class='ocrx_word' id='word_1_4' title='bbox 645 254 845 312; x_wconf 81' lang='lat' dir='ltr'>CICERONIS</span> 
     </span>
    </p>
   </div>
   <div class='ocr_carea' id='block_1_2' title="bbox 96 350 1201 715">
    <p class='ocr_par' dir='ltr' id='par_1_2' title="bbox 96 350 1201 715">
     <span class='ocr_line' id='line_1_2' title="bbox 151 350 1201 469; baseline -0.007 -20"><span class='ocrx_word' id='word_1_5' title='bbox 151 384 360 449; x_wconf 79' lang='lat' dir='ltr'><strong>universate</strong></span> <span class='ocrx_word' id='word_1_6' title='bbox 388 381 515 469; x_wconf 88' lang='lat' dir='ltr'><strong>cognita</strong></span> <span class='ocrx_word' id='word_1_7' title='bbox 560 380 600 445; x_wconf 94' lang='lat' dir='ltr'><strong>dc</strong></span> <span class='ocrx_word' id='word_1_8' title='bbox 628 379 759 467; x_wconf 90' lang='lat' dir='ltr'><strong>singulis</strong></span> <span class='ocrx_word' id='word_1_9' title='bbox 790 378 853 443; x_wconf 88' lang='lat' dir='ltr'><strong>reis</strong></span> <span class='ocrx_word' id='word_1_10' title='bbox 880 388 912 444; x_wconf 93' lang='lat' dir='ltr'><strong>et</strong></span> <span class='ocrx_word' id='word_1_11' title='bbox 938 378 1122 443; x_wconf 81' lang='lat' dir='ltr'><strong>criminibus</strong></span> <span class='ocrx_word' id='word_1_12' title='bbox 1145 350 1201 443; x_wconf 84' lang='lat' dir='ltr'><strong>etl</strong></span> 
     </span>
     <span class='ocr_line' id='line_1_3' title="bbox 96 472 1190 562; baseline -0.005 -15"><span class='ocrx_word' id='word_1_13' title='bbox 96 509 135 547; x_wconf 82' lang='lat' dir='ltr'><strong>ur</strong></span> <span class='ocrx_word' id='word_1_14' title='bbox 151 478 258 543; x_wconf 88' lang='lat' dir='ltr'><strong>litibus</strong></span> <span class='ocrx_word' id='word_1_15' title='bbox 286 487 423 543; x_wconf 79' lang='lat' dir='ltr'>statuere</span> <span class='ocrx_word' id='word_1_16' title='bbox 449 473 582 562; x_wconf 87' lang='lat' dir='ltr'><strong>possint</strong></span> <span class='ocrx_word' id='word_1_17' title='bbox 627 473 708 538; x_wconf 90' lang='lat' dir='ltr'><strong>hanc</strong></span> <span class='ocrx_word' id='word_1_18' title='bbox 735 473 776 538; x_wconf 90' lang='lat' dir='ltr'><strong>ad</strong></span> <span class='ocrx_word' id='word_1_19' title='bbox 801 474 1064 539; x_wconf 90' lang='lat' dir='ltr'><strong>consuetudinem</strong></span> <span class='ocrx_word' id='word_1_20' title='bbox 1090 472 1190 541; x_wconf 70' lang='lat' dir='ltr'><strong>exer.</strong></span> 
     </span>
     <span class='ocr_line' id='line_1_4' title="bbox 152 566 1201 715; baseline -0.007 -77"><span class='ocrx_word' id='word_1_21' title='bbox 152 571 307 638; x_wconf 82' lang='lat' dir='ltr'><strong>citationis</strong></span> <span class='ocrx_word' id='word_1_22' title='bbox 326 593 399 649; x_wconf 87' lang='lat' dir='ltr'><strong>vos,</strong></span> <span class='ocrx_word' id='word_1_23' title='bbox 428 569 659 646; x_wconf 81' lang='lat' dir='ltr'><strong>adulescentes,</strong></span> <span class='ocrx_word' id='word_1_24' title='bbox 686 577 735 632; x_wconf 92' lang='lat' dir='ltr'><strong>est</strong></span> <span class='ocrx_word' id='word_1_25' title='bbox 752 566 933 633; x_wconf 77' lang='lat' dir='ltr'><strong>cohortatus</strong></span> <span class='ocrx_word' id='word_1_26' title='bbox 951 566 1113 632; x_wconf 88' lang='lat' dir='ltr'><strong>Antonius</strong></span> <span class='ocrx_word' id='word_1_27' title='bbox 1130 576 1173 631; x_wconf 73' lang='lat' dir='ltr'><strong>at</strong></span> <span class='ocrx_word' id='word_1_28' title='bbox 1189 618 1201 715; x_wconf 58' lang='lat' dir='ltr'><strong>p</strong></span> 
     </span>
    </p>
   </div>
   <div class='ocr_carea' id='block_1_3' title="bbox 91 660 1201 4118">
    <p class='ocr_par' dir='ltr' id='par_1_3' title="bbox 91 660 1201 4118">
     <span class='ocr_line' id='line_1_5' title="bbox 153 660 1190 750; baseline -0.006 -19"><span class='ocrx_word' id='word_1_29' title='bbox 153 688 214 750; x_wconf 89' lang='lat' dir='ltr'><strong>que</strong></span> <span class='ocrx_word' id='word_1_30' title='bbox 241 689 260 730; x_wconf 91' lang='lat' dir='ltr'><strong>a</strong></span> <span class='ocrx_word' id='word_1_31' title='bbox 285 664 414 729; x_wconf 92' lang='lat' dir='ltr'><strong>minutis</strong></span> <span class='ocrx_word' id='word_1_32' title='bbox 442 662 648 750; x_wconf 87' lang='lat' dir='ltr'><strong>angustisque</strong></span> <span class='ocrx_word' id='word_1_33' title='bbox 674 660 958 727; x_wconf 86' lang='lat' dir='ltr'><strong>concertationibus</strong></span> <span class='ocrx_word' id='word_1_34' title='bbox 984 662 1025 726; x_wconf 87' lang='lat' dir='ltr'><strong>ad</strong></span> <span class='ocrx_word' id='word_1_35' title='bbox 1051 682 1190 726; x_wconf 90' lang='lat' dir='ltr'><strong>omnem·</strong></span> 
     </span>
     <span class='ocr_line' id='line_1_6' title="bbox 151 755 1166 842; baseline -0.006 -17"><span class='ocrx_word' id='word_1_36' title='bbox 151 762 217 825; x_wconf 83' lang='lat' dir='ltr'><strong>vim</strong></span> <span class='ocrx_word' id='word_1_37' title='bbox 242 760 488 842; x_wconf 78' lang='lat' dir='ltr'><strong>varietatemque</strong></span> <span class='ocrx_word' id='word_1_38' title='bbox 514 779 572 822; x_wconf 88' lang='lat' dir='ltr'><strong>vos</strong></span> <span class='ocrx_word' id='word_1_39' title='bbox 601 755 776 821; x_wconf 90' lang='lat' dir='ltr'><strong>disserendi</strong></span> <span class='ocrx_word' id='word_1_40' title='bbox 803 756 1012 821; x_wconf 88' lang='lat' dir='ltr'><strong>traducendos</strong></span> <span class='ocrx_word' id='word_1_41' title='bbox 1038 755 1166 842; x_wconf 85' lang='lat' dir='ltr'><strong>putavit;</strong></span> 
     </span>
     <span class='ocr_line' id='line_1_7' title="bbox 151 847 1164 939; baseline -0.006 -20"><span class='ocrx_word' id='word_1_42' title='bbox 151 877 214 939; x_wconf 87' lang='lat' dir='ltr'><strong>qua</strong></span> <span class='ocrx_word' id='word_1_43' title='bbox 230 876 265 919; x_wconf 90' lang='lat' dir='ltr'><strong>rc</strong></span> <span class='ocrx_word' id='word_1_44' title='bbox 286 875 352 918; x_wconf 91' lang='lat' dir='ltr'><strong>non</strong></span> <span class='ocrx_word' id='word_1_45' title='bbox 373 862 423 917; x_wconf 88' lang='lat' dir='ltr'><strong>est</strong></span> <span class='ocrx_word' id='word_1_46' title='bbox 442 871 615 938; x_wconf 89' lang='lat' dir='ltr'><strong>paucorum</strong></span> <span class='ocrx_word' id='word_1_47' title='bbox 642 850 820 915; x_wconf 84' lang='lat' dir='ltr'><strong>libellorum</strong></span> <span class='ocrx_word' id='word_1_48' title='bbox 840 849 902 914; x_wconf 92' lang='lat' dir='ltr'><strong>hoc</strong></span> <span class='ocrx_word' id='word_1_49' title='bbox 923 870 1053 928; x_wconf 92' lang='lat' dir='ltr'><strong>munus,</strong></span> <span class='ocrx_word' id='word_1_50' title='bbox 1080 859 1115 914; x_wconf 95' lang='lat' dir='ltr'><strong>ut</strong></span> <span class='ocrx_word' id='word_1_51' title='bbox 1133 847 1164 925; x_wconf 89' lang='lat' dir='ltr'><strong>ei,</strong></span> 
     </span>
     <span class='ocr_line' id='line_1_8' title="bbox 151 943 1183 1034; baseline -0.007 -22"><span class='ocrx_word' id='word_1_52' title='bbox 151 947 207 1030; x_wconf 92' lang='lat' dir='ltr'><strong>qui</strong></span> <span class='ocrx_word' id='word_1_53' title='bbox 233 947 426 1034; x_wconf 88' lang='lat' dir='ltr'><strong>scripserunt</strong></span> <span class='ocrx_word' id='word_1_54' title='bbox 453 945 493 1009; x_wconf 88' lang='lat' dir='ltr'><strong>de</strong></span> <span class='ocrx_word' id='word_1_55' title='bbox 519 944 644 1009; x_wconf 90' lang='lat' dir='ltr'><strong>dicendi</strong></span> <span class='ocrx_word' id='word_1_56' title='bbox 669 943 806 1020; x_wconf 88' lang='lat' dir='ltr'><strong>ratione,</strong></span> <span class='ocrx_word' id='word_1_57' title='bbox 837 943 1040 1021; x_wconf 80' lang='lat' dir='ltr'><strong>arbitrantur,</strong></span> <span class='ocrx_word' id='word_1_58' title='bbox 1072 962 1183 1027; x_wconf 85' lang='lat' dir='ltr'><strong>nequo·</strong></span> 
     </span>
     <span class='ocr_line' id='line_1_9' title="bbox 151 1036 1162 1125; baseline -0.006 -20"><span class='ocrx_word' id='word_1_59' title='bbox 151 1041 324 1106; x_wconf 83' lang='lat' dir='ltr'><strong>Tusculani</strong></span> <span class='ocrx_word' id='word_1_60' title='bbox 347 1051 441 1125; x_wconf 90' lang='lat' dir='ltr'><strong>atque</strong></span> <span class='ocrx_word' id='word_1_61' title='bbox 467 1038 561 1104; x_wconf 90' lang='lat' dir='ltr'><strong>huius</strong></span> <span class='ocrx_word' id='word_1_62' title='bbox 589 1037 810 1103; x_wconf 82' lang='lat' dir='ltr'><strong>ambulationis</strong></span> <span class='ocrx_word' id='word_1_63' title='bbox 837 1036 1103 1102; x_wconf 85' lang='lat' dir='ltr'><strong>antemeridianae</strong></span> <span class='ocrx_word' id='word_1_64' title='bbox 1118 1046 1162 1099; x_wconf 90' lang='lat' dir='ltr'><strong>aut</strong></span> 
     </span>
     <span class='ocr_line' id='line_1_10' title="bbox 151 1128 1181 1221; baseline -0.008 -22"><span class='ocrx_word' id='word_1_65' title='bbox 151 1146 278 1201; x_wconf 88' lang='lat' dir='ltr'><strong>nostrae</strong></span> <span class='ocrx_word' id='word_1_66' title='bbox 296 1134 530 1221; x_wconf 85' lang='lat' dir='ltr'><strong>pomeridianae</strong></span> <span class='ocrx_word' id='word_1_67' title='bbox 549 1132 715 1211; x_wconf 83' lang='lat' dir='ltr'><strong>sessionis3</strong></span> <span class='ocrx_word' id='word_1_68' title='bbox 733 1131 896 1197; x_wconf 90' lang='lat' dir='ltr'><strong>nonenim</strong></span> <span class='ocrx_word' id='word_1_69' title='bbox 914 1132 1017 1197; x_wconf 93' lang='lat' dir='ltr'><strong>solum</strong></span> <span class='ocrx_word' id='word_1_70' title='bbox 1035 1128 1181 1196; x_wconf 84' lang='lat' dir='ltr'><strong>acuenda.</strong></span> 
     </span>
     <span class='ocr_line' id='line_1_11' title="bbox 151 1225 1181 1314; baseline -0.004 -22"><span class='ocrx_word' id='word_1_71' title='bbox 151 1228 242 1293; x_wconf 91' lang='lat' dir='ltr'><strong>nobis</strong></span> <span class='ocrx_word' id='word_1_72' title='bbox 260 1248 363 1311; x_wconf 90' lang='lat' dir='ltr'><strong>neque</strong></span> <span class='ocrx_word' id='word_1_73' title='bbox 380 1228 584 1314; x_wconf 89' lang='lat' dir='ltr'><strong>procudenda</strong></span> <span class='ocrx_word' id='word_1_74' title='bbox 599 1227 709 1312; x_wconf 90' lang='lat' dir='ltr'><strong>lingua</strong></span> <span class='ocrx_word' id='word_1_75' title='bbox 726 1235 784 1304; x_wconf 88' lang='lat' dir='ltr'><strong>est,</strong></span> <span class='ocrx_word' id='word_1_76' title='bbox 804 1225 862 1291; x_wconf 91' lang='lat' dir='ltr'><strong>sed</strong></span> <span class='ocrx_word' id='word_1_77' title='bbox 879 1225 1074 1290; x_wconf 87' lang='lat' dir='ltr'><strong>onerandum</strong></span> <span class='ocrx_word' id='word_1_78' title='bbox 1090 1244 1160 1289; x_wconf 86' lang='lat' dir='ltr'><strong>con·</strong></span> <span class='ocrx_word' id='word_1_79' title='bbox 1177 1298 1181 1305; x_wconf 28' lang='grc' dir='ltr'>Ι</span> 
     </span>
     <span class='ocr_line' id='line_1_12' title="bbox 149 1317 1158 1408; baseline -0.004 -23"><span class='ocrx_word' id='word_1_80' title='bbox 149 1320 361 1408; x_wconf 91' lang='lat' dir='ltr'><strong>plendumque</strong></span> <span class='ocrx_word' id='word_1_81' title='bbox 391 1331 502 1407; x_wconf 89' lang='lat' dir='ltr'><strong>pectus</strong></span> <span class='ocrx_word' id='word_1_82' title='bbox 533 1321 741 1384; x_wconf 88' lang='lat' dir='ltr'><strong>maximarum</strong></span> <span class='ocrx_word' id='word_1_83' title='bbox 771 1341 877 1383; x_wconf 91' lang='lat' dir='ltr'><strong>rerum</strong></span> <span class='ocrx_word' id='word_1_84' title='bbox 908 1328 940 1382; x_wconf 91' lang='lat' dir='ltr'><strong>et</strong></span> <span class='ocrx_word' id='word_1_85' title='bbox 968 1317 1158 1404; x_wconf 83' lang='lat' dir='ltr'><strong>plurimurum</strong></span> 
     </span>
     <span class='ocr_line' id='line_1_13' title="bbox 97 1408 1157 1502; baseline -0.006 -22"><span class='ocrx_word' id='word_1_86' title='bbox 97 1414 132 1466; x_wconf 80' lang='lat'><strong>31</strong></span> <span class='ocrx_word' id='word_1_87' title='bbox 152 1415 322 1493; x_wconf 86' lang='lat' dir='ltr'><strong>suavitate,</strong></span> <span class='ocrx_word' id='word_1_88' title='bbox 341 1415 446 1502; x_wconf 91' lang='lat' dir='ltr'><strong>copia,</strong></span> <span class='ocrx_word' id='word_1_89' title='bbox 473 1414 633 1479; x_wconf 87' lang='lat' dir='ltr'><strong>varietate.</strong></span> <span class='ocrx_word' id='word_1_90' title='bbox 678 1422 788 1477; x_wconf 89' lang='lat' dir='ltr'><strong>nostra</strong></span> <span class='ocrx_word' id='word_1_91' title='bbox 805 1422 855 1477; x_wconf 87' lang='lat' dir='ltr'><strong>est</strong></span> <span class='ocrx_word' id='word_1_92' title='bbox 871 1411 956 1476; x_wconf 93' lang='lat' dir='ltr'><strong>enim</strong></span> <span class='ocrx_word' id='word_1_93' title='bbox 972 1408 1157 1476; x_wconf 88' lang='lat' dir='ltr'><strong>-simodo</strong></span> 
     </span>
     <span class='ocr_line' id='line_1_14' title="bbox 95 1486 1179 1590; baseline -0.006 -17"><span class='ocrx_word' id='word_1_94' title='bbox 95 1486 134 1524; x_wconf 69' lang='lat'><strong>¹²²</strong></span> <span class='ocrx_word' id='word_1_95' title='bbox 151 1532 209 1575; x_wconf 90' lang='lat' dir='ltr'><strong>nos</strong></span> <span class='ocrx_word' id='word_1_96' title='bbox 228 1519 383 1585; x_wconf 88' lang='lat' dir='ltr'><strong>oratores,</strong></span> <span class='ocrx_word' id='word_1_97' title='bbox 411 1507 489 1571; x_wconf 88' lang='lat' dir='ltr'><strong>siin</strong></span> <span class='ocrx_word' id='word_1_98' title='bbox 507 1506 621 1570; x_wconf 91' lang='lat' dir='ltr'><strong>civium</strong></span> <span class='ocrx_word' id='word_1_99' title='bbox 639 1504 933 1590; x_wconf 87' lang='lat' dir='ltr'><strong>disceptationibus,</strong></span> <span class='ocrx_word' id='word_1_100' title='bbox 958 1503 986 1568; x_wconf 89' lang='lat' dir='ltr'><strong>si</strong></span> <span class='ocrx_word' id='word_1_101' title='bbox 1002 1504 1036 1568; x_wconf 91' lang='lat' dir='ltr'><strong>in</strong></span> <span class='ocrx_word' id='word_1_102' title='bbox 1053 1502 1179 1590; x_wconf 79' lang='lat' dir='ltr'><strong>perior·-</strong></span> 
     </span>
     <span class='ocr_line' id='line_1_15' title="bbox 151 1596 1174 1684; baseline -0.007 -18"><span class='ocrx_word' id='word_1_103' title='bbox 151 1603 206 1680; x_wconf 92' lang='lat' dir='ltr'><strong>lis,</strong></span> <span class='ocrx_word' id='word_1_104' title='bbox 234 1603 262 1666; x_wconf 92' lang='lat' dir='ltr'><strong>si</strong></span> <span class='ocrx_word' id='word_1_105' title='bbox 278 1602 312 1665; x_wconf 91' lang='lat' dir='ltr'><strong>in</strong></span> <span class='ocrx_word' id='word_1_106' title='bbox 330 1598 606 1664; x_wconf 88' lang='lat' dir='ltr'><strong>deliberationibus</strong></span> <span class='ocrx_word' id='word_1_107' title='bbox 633 1598 770 1684; x_wconf 90' lang='lat' dir='ltr'><strong>publicis</strong></span> <span class='ocrx_word' id='word_1_108' title='bbox 794 1597 965 1663; x_wconf 88' lang='lat' dir='ltr'><strong>adhibendi</strong></span> <span class='ocrx_word' id='word_1_109' title='bbox 982 1608 1120 1662; x_wconf 87' lang='lat' dir='ltr'><strong>auctores</strong></span> <span class='ocrx_word' id='word_1_110' title='bbox 1133 1596 1174 1658; x_wconf 84' lang='lat' dir='ltr'><strong>ct&#39;</strong></span> 
     </span>
     <span class='ocr_line' id='line_1_16' title="bbox 148 1691 1156 1780; baseline -0.003 -22"><span class='ocrx_word' id='word_1_111' title='bbox 148 1695 306 1780; x_wconf 89' lang='lat' dir='ltr'><strong>principes</strong></span> <span class='ocrx_word' id='word_1_112' title='bbox 327 1715 434 1756; x_wconf 90' lang='lat' dir='ltr'><strong>sumus</strong></span> <span class='ocrx_word' id='word_1_113' title='bbox 451 1726 496 1738; x_wconf 90' lang='lat'>—</span> <span class='ocrx_word' id='word_1_114' title='bbox 518 1700 628 1755; x_wconf 88' lang='lat' dir='ltr'><strong>nostra</strong></span> <span class='ocrx_word' id='word_1_115' title='bbox 645 1701 707 1768; x_wconf 89' lang='lat' dir='ltr'><strong>est,</strong></span> <span class='ocrx_word' id='word_1_116' title='bbox 735 1691 878 1775; x_wconf 88' lang='lat' dir='ltr'><strong>inquam,</strong></span> <span class='ocrx_word' id='word_1_117' title='bbox 901 1691 1003 1756; x_wconf 90' lang='lat' dir='ltr'><strong>omnis</strong></span> <span class='ocrx_word' id='word_1_118' title='bbox 1022 1691 1084 1756; x_wconf 84' lang='lat' dir='ltr'><strong>ista</strong></span> <span class='ocrx_word' id='word_1_119' title='bbox 1097 1708 1156 1776; x_wconf 84' lang='lat' dir='ltr'><strong>pru·</strong></span> 
     </span>
     <span class='ocr_line' id='line_1_17' title="bbox 150 1778 1178 1870; baseline -0.005 -20"><span class='ocrx_word' id='word_1_120' title='bbox 150 1786 275 1850; x_wconf 90' lang='lat' dir='ltr'><strong>dentiae</strong></span> <span class='ocrx_word' id='word_1_121' title='bbox 293 1784 515 1867; x_wconf 86' lang='lat' dir='ltr'><strong>doctrinaeque</strong></span> <span class='ocrx_word' id='word_1_122' title='bbox 540 1784 716 1870; x_wconf 90' lang='lat' dir='ltr'><strong>possessio,</strong></span> <span class='ocrx_word' id='word_1_123' title='bbox 744 1784 777 1847; x_wconf 94' lang='lat' dir='ltr'><strong>in</strong></span> <span class='ocrx_word' id='word_1_124' title='bbox 801 1805 896 1868; x_wconf 89' lang='lat' dir='ltr'><strong>quam</strong></span> <span class='ocrx_word' id='word_1_125' title='bbox 916 1784 1061 1849; x_wconf 86' lang='lat' dir='ltr'><strong>homines</strong></span> <span class='ocrx_word' id='word_1_126' title='bbox 1083 1778 1178 1868; x_wconf 84' lang='lat' dir='ltr'><strong>quasi&#39;</strong></span> 
     </span>
     <span class='ocr_line' id='line_1_18' title="bbox 150 1875 1176 1965; baseline 0 -22"><span class='ocrx_word' id='word_1_127' title='bbox 150 1880 301 1944; x_wconf 87' lang='lat' dir='ltr'><strong>caducam</strong></span> <span class='ocrx_word' id='word_1_128' title='bbox 319 1888 413 1962; x_wconf 91' lang='lat' dir='ltr'><strong>atque</strong></span> <span class='ocrx_word' id='word_1_129' title='bbox 430 1898 564 1943; x_wconf 87' lang='lat' dir='ltr'><strong>vacuam</strong></span> <span class='ocrx_word' id='word_1_130' title='bbox 581 1879 777 1944; x_wconf 88' lang='lat' dir='ltr'><strong>abundantes</strong></span> <span class='ocrx_word' id='word_1_131' title='bbox 796 1880 873 1958; x_wconf 92' lang='lat' dir='ltr'><strong>otio,</strong></span> <span class='ocrx_word' id='word_1_132' title='bbox 892 1880 984 1945; x_wconf 89' lang='lat' dir='ltr'><strong>nobis</strong></span> <span class='ocrx_word' id='word_1_133' title='bbox 1002 1875 1155 1965; x_wconf 75' lang='lat' dir='ltr'><strong>occupatis,</strong></span> <span class='ocrx_word' id='word_1_134' title='bbox 1168 1890 1176 1901; x_wconf 88' lang='grc'><strong>“·</strong></span> 
     </span>
     <span class='ocr_line' id='line_1_19' title="bbox 148 1967 1172 2056; baseline -0.004 -19"><span class='ocrx_word' id='word_1_135' title='bbox 148 1973 368 2037; x_wconf 87' lang='lat' dir='ltr'><strong>involaverunt</strong></span> <span class='ocrx_word' id='word_1_136' title='bbox 386 1982 479 2056; x_wconf 86' lang='lat' dir='ltr'><strong>atque</strong></span> <span class='ocrx_word' id='word_1_137' title='bbox 498 1972 594 2037; x_wconf 88' lang='lat' dir='ltr'><strong>etiarn</strong></span> <span class='ocrx_word' id='word_1_138' title='bbox 612 1983 666 2037; x_wconf 89' lang='lat' dir='ltr'><strong>aut</strong></span> <span class='ocrx_word' id='word_1_139' title='bbox 682 1973 853 2038; x_wconf 86' lang='lat' dir='ltr'><strong>inridentes</strong></span> <span class='ocrx_word' id='word_1_140' title='bbox 872 1984 1043 2051; x_wconf 86' lang='lat' dir='ltr'><strong>oratorem,</strong></span> <span class='ocrx_word' id='word_1_141' title='bbox 1069 1982 1104 2037; x_wconf 87' lang='lat' dir='ltr'><strong>ut</strong></span> <span class='ocrx_word' id='word_1_142' title='bbox 1115 1967 1172 2033; x_wconf 84' lang='lat' dir='ltr'><strong>illc·</strong></span> 
     </span>
     <span class='ocr_line' id='line_1_20' title="bbox 149 2060 1180 2154; baseline -0.004 -23"><span class='ocrx_word' id='word_1_143' title='bbox 149 2068 183 2131; x_wconf 93' lang='lat' dir='ltr'><strong>in</strong></span> <span class='ocrx_word' id='word_1_144' title='bbox 201 2065 323 2154; x_wconf 84' lang='lat' dir='ltr'><strong>Gorgia</strong></span> <span class='ocrx_word' id='word_1_145' title='bbox 346 2064 510 2144; x_wconf 85' lang='lat' dir='ltr'><strong>Socrates,</strong></span> <span class='ocrx_word' id='word_1_146' title='bbox 537 2066 723 2131; x_wconf 84' lang='lat' dir='ltr'><strong>cavillantur</strong></span> <span class='ocrx_word' id='word_1_147' title='bbox 750 2076 805 2131; x_wconf 89' lang='lat' dir='ltr'><strong>aut</strong></span> <span class='ocrx_word' id='word_1_148' title='bbox 830 2066 949 2151; x_wconf 88' lang='lat' dir='ltr'><strong>aliquid</strong></span> <span class='ocrx_word' id='word_1_149' title='bbox 975 2066 1015 2131; x_wconf 89' lang='lat' dir='ltr'><strong>de</strong></span> <span class='ocrx_word' id='word_1_150' title='bbox 1041 2060 1180 2133; x_wconf 76' lang='lat' dir='ltr'><strong>oratoris·</strong></span> 
     </span>
     <span class='ocr_line' id='line_1_21' title="bbox 150 2152 1177 2249; baseline -0.003 -23"><span class='ocrx_word' id='word_1_151' title='bbox 150 2173 217 2227; x_wconf 91' lang='lat' dir='ltr'><strong>arte</strong></span> <span class='ocrx_word' id='word_1_152' title='bbox 239 2162 348 2249; x_wconf 85' lang='lat' dir='ltr'><strong>paucis</strong></span> <span class='ocrx_word' id='word_1_153' title='bbox 370 2160 569 2247; x_wconf 90' lang='lat' dir='ltr'><strong>praecipiunt</strong></span> <span class='ocrx_word' id='word_1_154' title='bbox 589 2160 703 2226; x_wconf 92' lang='lat' dir='ltr'><strong>libellis</strong></span> <span class='ocrx_word' id='word_1_155' title='bbox 726 2181 843 2244; x_wconf 91' lang='lat' dir='ltr'><strong>eosque</strong></span> <span class='ocrx_word' id='word_1_156' title='bbox 868 2160 1042 2226; x_wconf 88' lang='lat' dir='ltr'><strong>rhetoricos</strong></span> <span class='ocrx_word' id='word_1_157' title='bbox 1063 2152 1177 2225; x_wconf 71' lang='lat' dir='ltr'><strong>urat·</strong></span> 
     </span>
     <span class='ocr_line' id='line_1_22' title="bbox 148 2248 1183 2345; baseline -0.008 -24"><span class='ocrx_word' id='word_1_158' title='bbox 148 2257 240 2332; x_wconf 90' lang='lat' dir='ltr'><strong>bunt,</strong></span> <span class='ocrx_word' id='word_1_159' title='bbox 272 2255 364 2339; x_wconf 89' lang='lat' dir='ltr'><strong>quasi</strong></span> <span class='ocrx_word' id='word_1_160' title='bbox 395 2278 459 2320; x_wconf 91' lang='lat' dir='ltr'><strong>non</strong></span> <span class='ocrx_word' id='word_1_161' title='bbox 485 2253 540 2317; x_wconf 92' lang='lat' dir='ltr'><strong>illa</strong></span> <span class='ocrx_word' id='word_1_162' title='bbox 567 2253 631 2318; x_wconf 91' lang='lat' dir='ltr'><strong>sint</strong></span> <span class='ocrx_word' id='word_1_163' title='bbox 660 2254 788 2340; x_wconf 89' lang='lat' dir='ltr'><strong>propria</strong></span> <span class='ocrx_word' id='word_1_164' title='bbox 816 2253 993 2331; x_wconf 85' lang='lat' dir='ltr'><strong>rhetorum,</strong></span> <span class='ocrx_word' id='word_1_165' title='bbox 1024 2274 1106 2337; x_wconf 86' lang='lat' dir='ltr'><strong>quae</strong></span> <span class='ocrx_word' id='word_1_166' title='bbox 1125 2248 1156 2313; x_wconf 82' lang='lat' dir='ltr'><strong>rb</strong></span> <span class='ocrx_word' id='word_1_167' title='bbox 1176 2268 1183 2345; x_wconf 43' lang='grc' dir='ltr'>Ἰ</span> 
     </span>
     <span class='ocr_line' id='line_1_23' title="bbox 149 2340 1155 2426; baseline -0.006 -13"><span class='ocrx_word' id='word_1_168' title='bbox 149 2349 270 2413; x_wconf 88' lang='lat' dir='ltr'><strong>eisdem</strong></span> <span class='ocrx_word' id='word_1_169' title='bbox 288 2348 328 2413; x_wconf 92' lang='lat' dir='ltr'><strong>de</strong></span> <span class='ocrx_word' id='word_1_170' title='bbox 346 2346 479 2425; x_wconf 90' lang='lat' dir='ltr'><strong>iustitia,</strong></span> <span class='ocrx_word' id='word_1_171' title='bbox 508 2347 547 2413; x_wconf 93' lang='lat' dir='ltr'><strong>de</strong></span> <span class='ocrx_word' id='word_1_172' title='bbox 565 2347 685 2426; x_wconf 85' lang='lat' dir='ltr'><strong>officio,</strong></span> <span class='ocrx_word' id='word_1_173' title='bbox 714 2350 753 2412; x_wconf 92' lang='lat' dir='ltr'><strong>de</strong></span> <span class='ocrx_word' id='word_1_174' title='bbox 771 2346 949 2412; x_wconf 88' lang='lat' dir='ltr'><strong>civitatibus</strong></span> <span class='ocrx_word' id='word_1_175' title='bbox 972 2340 1155 2412; x_wconf 74' lang='lat' dir='ltr'><strong>instituendis</strong></span> 
     </span>
     <span class='ocr_line' id='line_1_24' title="bbox 149 2432 1177 2529; baseline -0.005 -22"><span class='ocrx_word' id='word_1_176' title='bbox 149 2452 181 2507; x_wconf 91' lang='lat' dir='ltr'><strong>et</strong></span> <span class='ocrx_word' id='word_1_177' title='bbox 197 2443 360 2529; x_wconf 84' lang='lat' dir='ltr'><strong>regendis,</strong></span> <span class='ocrx_word' id='word_1_178' title='bbox 380 2443 419 2508; x_wconf 92' lang='lat' dir='ltr'><strong>de</strong></span> <span class='ocrx_word' id='word_1_179' title='bbox 438 2441 523 2508; x_wconf 92' lang='lat' dir='ltr'><strong>omni</strong></span> <span class='ocrx_word' id='word_1_180' title='bbox 541 2440 669 2506; x_wconf 83' lang='lat' dir='ltr'><strong>vivendi</strong></span> <span class='ocrx_word' id='word_1_181' title='bbox 688 2438 838 2528; x_wconf 90' lang='lat' dir='ltr'><strong>[denique</strong></span> <span class='ocrx_word' id='word_1_182' title='bbox 856 2440 951 2505; x_wconf 89' lang='lat' dir='ltr'><strong>etiam</strong></span> <span class='ocrx_word' id='word_1_183' title='bbox 969 2441 1010 2506; x_wconf 95' lang='lat' dir='ltr'><strong>de</strong></span> <span class='ocrx_word' id='word_1_184' title='bbox 1026 2432 1177 2523; x_wconf 87' lang='lat' dir='ltr'><strong>naturac]&#39;</strong></span> 
     </span>
     <span class='ocr_line' id='line_1_25' title="bbox 92 2534 1192 2621; baseline -0.005 -19"><span class='ocrx_word' id='word_1_185' title='bbox 92 2537 269 2602; x_wconf 75' lang='lat' dir='ltr'><strong>iactatione</strong></span> <span class='ocrx_word' id='word_1_186' title='bbox 288 2537 448 2615; x_wconf 83' lang='lat' dir='ltr'><strong>dicuntur3</strong></span> <span class='ocrx_word' id='word_1_187' title='bbox 475 2557 557 2619; x_wconf 90' lang='lat' dir='ltr'><strong>quae</strong></span> <span class='ocrx_word' id='word_1_188' title='bbox 575 2535 723 2619; x_wconf 90' lang='lat' dir='ltr'><strong>quoniam</strong></span> <span class='ocrx_word' id='word_1_189' title='bbox 745 2535 809 2599; x_wconf 90' lang='lat' dir='ltr'><strong>iam</strong></span> <span class='ocrx_word' id='word_1_190' title='bbox 835 2534 961 2599; x_wconf 87' lang='lat' dir='ltr'><strong>aliunde</strong></span> <span class='ocrx_word' id='word_1_191' title='bbox 977 2557 1044 2600; x_wconf 91' lang='lat' dir='ltr'><strong>non</strong></span> <span class='ocrx_word' id='word_1_192' title='bbox 1060 2552 1159 2621; x_wconf 88' lang='lat' dir='ltr'><strong>possu-</strong></span> <span class='ocrx_word' id='word_1_193' title='bbox 1171 2542 1192 2621; x_wconf 41' lang='lat'><strong>³-</strong></span> 
     </span>
     <span class='ocr_line' id='line_1_26' title="bbox 147 2620 1201 2715; baseline -0.003 -21"><span class='ocrx_word' id='word_1_194' title='bbox 147 2653 234 2708; x_wconf 89' lang='lat' dir='ltr'><strong>mus,</strong></span> <span class='ocrx_word' id='word_1_195' title='bbox 262 2630 415 2695; x_wconf 88' lang='lat' dir='ltr'><strong>sumenda</strong></span> <span class='ocrx_word' id='word_1_196' title='bbox 434 2643 507 2695; x_wconf 90' lang='lat' dir='ltr'><strong>sunt</strong></span> <span class='ocrx_word' id='word_1_197' title='bbox 524 2628 616 2695; x_wconf 92' lang='lat' dir='ltr'><strong>nobis</strong></span> <span class='ocrx_word' id='word_1_198' title='bbox 635 2631 676 2695; x_wconf 86' lang='lat' dir='ltr'><strong>ab</strong></span> <span class='ocrx_word' id='word_1_199' title='bbox 693 2628 739 2694; x_wconf 90' lang='lat' dir='ltr'><strong>eis</strong></span> <span class='ocrx_word' id='word_1_200' title='bbox 756 2628 850 2715; x_wconf 93' lang='lat' dir='ltr'><strong>ipsis,</strong></span> <span class='ocrx_word' id='word_1_201' title='bbox 874 2651 894 2692; x_wconf 90' lang='lat' dir='ltr'><strong>a</strong></span> <span class='ocrx_word' id='word_1_202' title='bbox 911 2629 1025 2712; x_wconf 87' lang='lat' dir='ltr'><strong>quibus</strong></span> <span class='ocrx_word' id='word_1_203' title='bbox 1044 2620 1161 2715; x_wconf 75' lang='lat' dir='ltr'><strong>expilati</strong></span> <span class='ocrx_word' id='word_1_204' title='bbox 1180 2622 1201 2707; x_wconf 69' lang='lat' dir='ltr'><strong>i</strong></span> 
     </span>
     <span class='ocr_line' id='line_1_27' title="bbox 149 2721 1194 2805; baseline -0.003 -19"><span class='ocrx_word' id='word_1_205' title='bbox 149 2743 272 2800; x_wconf 83' lang='lat' dir='ltr'><strong>sumus3</strong></span> <span class='ocrx_word' id='word_1_206' title='bbox 300 2723 376 2787; x_wconf 93' lang='lat' dir='ltr'><strong>dum</strong></span> <span class='ocrx_word' id='word_1_207' title='bbox 398 2722 492 2787; x_wconf 91' lang='lat' dir='ltr'><strong>modo</strong></span> <span class='ocrx_word' id='word_1_208' title='bbox 514 2722 569 2786; x_wconf 88' lang='lat' dir='ltr'><strong>illa</strong></span> <span class='ocrx_word' id='word_1_209' title='bbox 586 2722 628 2786; x_wconf 88' lang='lat' dir='ltr'><strong>ad</strong></span> <span class='ocrx_word' id='word_1_210' title='bbox 648 2723 730 2787; x_wconf 90' lang='lat' dir='ltr'><strong>hanc</strong></span> <span class='ocrx_word' id='word_1_211' title='bbox 753 2722 878 2787; x_wconf 86' lang='lat' dir='ltr'><strong>civilem</strong></span> <span class='ocrx_word' id='word_1_212' title='bbox 905 2721 1085 2799; x_wconf 88' lang='lat' dir='ltr'><strong>scientiam,</strong></span> <span class='ocrx_word' id='word_1_213' title='bbox 1109 2740 1161 2805; x_wconf 92' lang='lat' dir='ltr'><strong>quo</strong></span> <span class='ocrx_word' id='word_1_214' title='bbox 1189 2724 1194 2759; x_wconf 93' lang='lat'><strong>·&#39;</strong></span> 
     </span>
     <span class='ocr_line' id='line_1_28' title="bbox 147 2813 1164 2900; baseline 0 -24"><span class='ocrx_word' id='word_1_215' title='bbox 147 2813 305 2900; x_wconf 88' lang='lat' dir='ltr'><strong>pertinent</strong></span> <span class='ocrx_word' id='word_1_216' title='bbox 331 2825 363 2878; x_wconf 94' lang='lat' dir='ltr'><strong>et</strong></span> <span class='ocrx_word' id='word_1_217' title='bbox 388 2835 484 2897; x_wconf 92' lang='lat' dir='ltr'><strong>quam</strong></span> <span class='ocrx_word' id='word_1_218' title='bbox 510 2815 684 2892; x_wconf 90' lang='lat' dir='ltr'><strong>intuentur,</strong></span> <span class='ocrx_word' id='word_1_219' title='bbox 717 2814 958 2892; x_wconf 81' lang='lat' dir='ltr'><strong>transferamus,</strong></span> <span class='ocrx_word' id='word_1_220' title='bbox 989 2835 1108 2899; x_wconf 89' lang='lat' dir='ltr'><strong>neque,</strong></span> <span class='ocrx_word' id='word_1_221' title='bbox 1133 2820 1164 2877; x_wconf 86' lang='lat' dir='ltr'><strong>ut</strong></span> 
     </span>
     <span class='ocr_line' id='line_1_29' title="bbox 147 2905 1196 2984; baseline -0.004 -13"><span class='ocrx_word' id='word_1_222' title='bbox 147 2916 220 2971; x_wconf 89' lang='lat' dir='ltr'><strong>ante</strong></span> <span class='ocrx_word' id='word_1_223' title='bbox 247 2905 326 2984; x_wconf 81' lang='lat' dir='ltr'><strong>dixi,</strong></span> <span class='ocrx_word' id='word_1_224' title='bbox 354 2928 481 2972; x_wconf 90' lang='lat' dir='ltr'><strong>omnem</strong></span> <span class='ocrx_word' id='word_1_225' title='bbox 508 2918 646 2972; x_wconf 87' lang='lat' dir='ltr'><strong>teramus</strong></span> <span class='ocrx_word' id='word_1_226' title='bbox 664 2907 698 2972; x_wconf 91' lang='lat' dir='ltr'><strong>in</strong></span> <span class='ocrx_word' id='word_1_227' title='bbox 714 2907 764 2973; x_wconf 95' lang='lat' dir='ltr'><strong>his</strong></span> <span class='ocrx_word' id='word_1_228' title='bbox 783 2908 942 2973; x_wconf 87' lang='lat' dir='ltr'><strong>discendis</strong></span> <span class='ocrx_word' id='word_1_229' title='bbox 967 2908 1064 2972; x_wconf 88' lang='lat' dir='ltr'><strong>rebus</strong></span> <span class='ocrx_word' id='word_1_230' title='bbox 1088 2916 1165 2973; x_wconf 82' lang='lat' dir='ltr'><strong>asta-</strong></span> <span class='ocrx_word' id='word_1_231' title='bbox 1193 2959 1196 2967; x_wconf 91' lang='lat'>.</span> 
     </span>
     <span class='ocr_line' id='line_1_30' title="bbox 147 2999 1167 3085; baseline 0 -20"><span class='ocrx_word' id='word_1_232' title='bbox 147 3011 225 3078; x_wconf 84' lang='lat' dir='ltr'><strong>tem3</strong></span> <span class='ocrx_word' id='word_1_233' title='bbox 253 3001 311 3067; x_wconf 88' lang='lat' dir='ltr'><strong>sed</strong></span> <span class='ocrx_word' id='word_1_234' title='bbox 336 3022 409 3066; x_wconf 90' lang='lat' dir='ltr'><strong>cum</strong></span> <span class='ocrx_word' id='word_1_235' title='bbox 431 3001 527 3067; x_wconf 87' lang='lat' dir='ltr'><strong>fontis</strong></span> <span class='ocrx_word' id='word_1_236' title='bbox 555 3001 741 3079; x_wconf 87' lang='lat' dir='ltr'><strong>viderimus,</strong></span> <span class='ocrx_word' id='word_1_237' title='bbox 768 3023 848 3085; x_wconf 90' lang='lat' dir='ltr'><strong>quos</strong></span> <span class='ocrx_word' id='word_1_238' title='bbox 869 3002 932 3067; x_wconf 92' lang='lat' dir='ltr'><strong>nisi</strong></span> <span class='ocrx_word' id='word_1_239' title='bbox 953 3001 1008 3085; x_wconf 88' lang='lat' dir='ltr'><strong>qui</strong></span> <span class='ocrx_word' id='word_1_240' title='bbox 1030 2999 1167 3067; x_wconf 79' lang='lat' dir='ltr'><strong>celeriter</strong></span> 
     </span>
     <span class='ocr_line' id='line_1_31' title="bbox 148 3095 1187 3182; baseline 0.003 -24"><span class='ocrx_word' id='word_1_241' title='bbox 148 3095 303 3182; x_wconf 80' lang='lat' dir='ltr'><strong>cognorit,</strong></span> <span class='ocrx_word' id='word_1_242' title='bbox 331 3117 505 3181; x_wconf 89' lang='lat' dir='ltr'><strong>numquam</strong></span> <span class='ocrx_word' id='word_1_243' title='bbox 530 3105 703 3182; x_wconf 83' lang='lat' dir='ltr'><strong>cognoscet</strong></span> <span class='ocrx_word' id='word_1_244' title='bbox 728 3095 870 3172; x_wconf 90' lang='lat' dir='ltr'><strong>omnino,</strong></span> <span class='ocrx_word' id='word_1_245' title='bbox 903 3105 983 3172; x_wconf 91' lang='lat' dir='ltr'><strong>tum,</strong></span> <span class='ocrx_word' id='word_1_246' title='bbox 1011 3095 1187 3178; x_wconf 63' lang='lat' dir='ltr'><strong>quotiens-5</strong></span> 
     </span>
     <span class='ocr_line' id='line_1_32' title="bbox 147 3189 1168 3276; baseline 0.002 -24"><span class='ocrx_word' id='word_1_247' title='bbox 147 3210 281 3273; x_wconf 91' lang='lat' dir='ltr'><strong>cumque</strong></span> <span class='ocrx_word' id='word_1_248' title='bbox 308 3213 387 3276; x_wconf 90' lang='lat' dir='ltr'><strong>opus</strong></span> <span class='ocrx_word' id='word_1_249' title='bbox 415 3191 488 3268; x_wconf 92' lang='lat' dir='ltr'><strong>erit,</strong></span> <span class='ocrx_word' id='word_1_250' title='bbox 516 3213 556 3255; x_wconf 88' lang='lat' dir='ltr'><strong>ex</strong></span> <span class='ocrx_word' id='word_1_251' title='bbox 582 3189 629 3254; x_wconf 91' lang='lat' dir='ltr'><strong>eis</strong></span> <span class='ocrx_word' id='word_1_252' title='bbox 657 3198 792 3266; x_wconf 85' lang='lat' dir='ltr'><strong>tantum,</strong></span> <span class='ocrx_word' id='word_1_253' title='bbox 819 3201 972 3272; x_wconf 87' lang='lat' dir='ltr'><strong>quantum</strong></span> <span class='ocrx_word' id='word_1_254' title='bbox 995 3210 1048 3252; x_wconf 78' lang='lat' dir='ltr'><strong>res</strong></span> <span class='ocrx_word' id='word_1_255' title='bbox 1075 3198 1168 3275; x_wconf 81' lang='lat' dir='ltr'><strong>petet,</strong></span> 
     </span>
     <span class='ocr_line' id='line_1_33' title="bbox 91 3280 1191 3368; baseline 0.003 -24"><span class='ocrx_word' id='word_1_256' title='bbox 91 3304 131 3345; x_wconf 77' lang='lat' dir='ltr'><strong>aar</strong></span> <span class='ocrx_word' id='word_1_257' title='bbox 147 3281 327 3348; x_wconf 89' lang='lat' dir='ltr'><strong>hauriemus</strong></span> <span class='ocrx_word' id='word_1_258' title='bbox 333 3309 343 3362; x_wconf 91' lang='lat'>;</span> <span class='ocrx_word' id='word_1_259' title='bbox 361 3307 435 3348; x_wconf 89' lang='lat' dir='ltr'><strong>nam</strong></span> <span class='ocrx_word' id='word_1_260' title='bbox 453 3305 557 3368; x_wconf 92' lang='lat' dir='ltr'><strong>neque</strong></span> <span class='ocrx_word' id='word_1_261' title='bbox 575 3294 640 3347; x_wconf 91' lang='lat' dir='ltr'><strong>tam</strong></span> <span class='ocrx_word' id='word_1_262' title='bbox 657 3296 707 3348; x_wconf 88' lang='lat' dir='ltr'><strong>est</strong></span> <span class='ocrx_word' id='word_1_263' title='bbox 724 3281 804 3347; x_wconf 91' lang='lat' dir='ltr'><strong>acris</strong></span> <span class='ocrx_word' id='word_1_264' title='bbox 824 3282 907 3346; x_wconf 90' lang='lat' dir='ltr'><strong>acies</strong></span> <span class='ocrx_word' id='word_1_265' title='bbox 925 3281 958 3346; x_wconf 93' lang='lat' dir='ltr'><strong>in</strong></span> <span class='ocrx_word' id='word_1_266' title='bbox 975 3280 1097 3346; x_wconf 89' lang='lat' dir='ltr'><strong>naturis</strong></span> <span class='ocrx_word' id='word_1_267' title='bbox 1115 3280 1191 3347; x_wconf 61' lang='lat' dir='ltr'><strong>huv-</strong></span> 
     </span>
     <span class='ocr_line' id='line_1_34' title="bbox 147 3375 1171 3462; baseline 0.002 -24"><span class='ocrx_word' id='word_1_268' title='bbox 147 3375 267 3438; x_wconf 91' lang='lat' dir='ltr'><strong>minum</strong></span> <span class='ocrx_word' id='word_1_269' title='bbox 285 3386 317 3439; x_wconf 89' lang='lat' dir='ltr'><strong>et</strong></span> <span class='ocrx_word' id='word_1_270' title='bbox 333 3377 483 3462; x_wconf 90' lang='lat' dir='ltr'><strong>ingeniis,</strong></span> <span class='ocrx_word' id='word_1_271' title='bbox 509 3387 544 3441; x_wconf 94' lang='lat' dir='ltr'><strong>ut</strong></span> <span class='ocrx_word' id='word_1_272' title='bbox 560 3399 612 3441; x_wconf 90' lang='lat' dir='ltr'><strong>res</strong></span> <span class='ocrx_word' id='word_1_273' title='bbox 631 3386 734 3441; x_wconf 91' lang='lat' dir='ltr'><strong>tantas</strong></span> <span class='ocrx_word' id='word_1_274' title='bbox 753 3375 919 3459; x_wconf 91' lang='lat' dir='ltr'><strong>quisquam</strong></span> <span class='ocrx_word' id='word_1_275' title='bbox 935 3375 999 3439; x_wconf 89' lang='lat' dir='ltr'><strong>nisi</strong></span> <span class='ocrx_word' id='word_1_276' title='bbox 1015 3386 1171 3440; x_wconf 85' lang='lat' dir='ltr'><strong>monstra·</strong></span> 
     </span>
     <span class='ocr_line' id='line_1_35' title="bbox 147 3460 1179 3554; baseline 0.003 -24"><span class='ocrx_word' id='word_1_277' title='bbox 147 3478 196 3532; x_wconf 91' lang='lat' dir='ltr'><strong>tas</strong></span> <span class='ocrx_word' id='word_1_278' title='bbox 213 3467 317 3553; x_wconf 89' lang='lat' dir='ltr'><strong>possit</strong></span> <span class='ocrx_word' id='word_1_279' title='bbox 332 3469 454 3548; x_wconf 87' lang='lat' dir='ltr'><strong>videre,</strong></span> <span class='ocrx_word' id='word_1_280' title='bbox 472 3491 575 3554; x_wconf 90' lang='lat' dir='ltr'><strong>neque</strong></span> <span class='ocrx_word' id='word_1_281' title='bbox 593 3479 681 3534; x_wconf 90' lang='lat' dir='ltr'><strong>tanta</strong></span> <span class='ocrx_word' id='word_1_282' title='bbox 698 3479 804 3536; x_wconf 88' lang='lat' dir='ltr'><strong>tamen</strong></span> <span class='ocrx_word' id='word_1_283' title='bbox 821 3469 854 3533; x_wconf 94' lang='lat' dir='ltr'><strong>in</strong></span> <span class='ocrx_word' id='word_1_284' title='bbox 870 3470 965 3534; x_wconf 89' lang='lat' dir='ltr'><strong>rebus</strong></span> <span class='ocrx_word' id='word_1_285' title='bbox 983 3460 1179 3545; x_wconf 60' lang='lat' dir='ltr'><strong>obscuritas,</strong></span> 
     </span>
     <span class='ocr_line' id='line_1_36' title="bbox 146 3560 1171 3649; baseline 0.001 -24"><span class='ocrx_word' id='word_1_286' title='bbox 146 3572 182 3625; x_wconf 88' lang='lat' dir='ltr'><strong>ut</strong></span> <span class='ocrx_word' id='word_1_287' title='bbox 207 3582 261 3625; x_wconf 87' lang='lat' dir='ltr'><strong>eas</strong></span> <span class='ocrx_word' id='word_1_288' title='bbox 287 3583 352 3625; x_wconf 91' lang='lat' dir='ltr'><strong>non</strong></span> <span class='ocrx_word' id='word_1_289' title='bbox 381 3561 507 3647; x_wconf 89' lang='lat' dir='ltr'><strong>penitus</strong></span> <span class='ocrx_word' id='word_1_290' title='bbox 534 3563 598 3627; x_wconf 90' lang='lat' dir='ltr'><strong>acri</strong></span> <span class='ocrx_word' id='word_1_291' title='bbox 629 3563 677 3627; x_wconf 88' lang='lat' dir='ltr'><strong>vir</strong></span> <span class='ocrx_word' id='word_1_292' title='bbox 706 3562 834 3649; x_wconf 90' lang='lat' dir='ltr'><strong>ingenio</strong></span> <span class='ocrx_word' id='word_1_293' title='bbox 866 3572 985 3640; x_wconf 87' lang='lat' dir='ltr'><strong>cernat,</strong></span> <span class='ocrx_word' id='word_1_294' title='bbox 1017 3561 1046 3626; x_wconf 91' lang='lat' dir='ltr'><strong>si</strong></span> <span class='ocrx_word' id='word_1_295' title='bbox 1076 3560 1171 3641; x_wconf 87' lang='lat' dir='ltr'><strong>modo</strong></span> 
     </span>
     <span class='ocr_line' id='line_1_37' title="bbox 148 3652 1172 3742; baseline 0 -23"><span class='ocrx_word' id='word_1_296' title='bbox 148 3652 315 3742; x_wconf 87' lang='lat' dir='ltr'><strong>aspexerit.</strong></span> <span class='ocrx_word' id='word_1_297' title='bbox 358 3653 393 3717; x_wconf 94' lang='lat' dir='ltr'><strong>in</strong></span> <span class='ocrx_word' id='word_1_298' title='bbox 409 3654 470 3720; x_wconf 89' lang='lat' dir='ltr'><strong>hoc</strong></span> <span class='ocrx_word' id='word_1_299' title='bbox 491 3654 589 3742; x_wconf 88' lang='lat' dir='ltr'><strong>igitur</strong></span> <span class='ocrx_word' id='word_1_300' title='bbox 610 3665 698 3720; x_wconf 85' lang='lat' dir='ltr'><strong>tanto</strong></span> <span class='ocrx_word' id='word_1_301' title='bbox 725 3665 790 3720; x_wconf 89' lang='lat' dir='ltr'><strong>tam</strong></span> <span class='ocrx_word' id='word_1_302' title='bbox 815 3655 1031 3738; x_wconf 90' lang='lat' dir='ltr'><strong>immensoque</strong></span> <span class='ocrx_word' id='word_1_303' title='bbox 1058 3674 1172 3741; x_wconf 89' lang='lat' dir='ltr'><strong>campo</strong></span> 
     </span>
     <span class='ocr_line' id='line_1_38' title="bbox 148 3747 1173 3837; baseline 0 -25"><span class='ocrx_word' id='word_1_304' title='bbox 148 3769 219 3812; x_wconf 93' lang='lat' dir='ltr'><strong>cum</strong></span> <span class='ocrx_word' id='word_1_305' title='bbox 245 3747 338 3813; x_wconf 91' lang='lat' dir='ltr'><strong>liceat</strong></span> <span class='ocrx_word' id='word_1_306' title='bbox 363 3748 479 3814; x_wconf 89' lang='lat' dir='ltr'><strong>oratori</strong></span> <span class='ocrx_word' id='word_1_307' title='bbox 504 3749 615 3837; x_wconf 84' lang='lat' dir='ltr'><strong>vagari</strong></span> <span class='ocrx_word' id='word_1_308' title='bbox 641 3750 739 3815; x_wconf 91' lang='lat' dir='ltr'><strong>libere</strong></span> <span class='ocrx_word' id='word_1_309' title='bbox 761 3760 855 3834; x_wconf 89' lang='lat' dir='ltr'><strong>atque</strong></span> <span class='ocrx_word' id='word_1_310' title='bbox 880 3749 1071 3833; x_wconf 90' lang='lat' dir='ltr'><strong>ubicumque</strong></span> <span class='ocrx_word' id='word_1_311' title='bbox 1098 3768 1173 3813; x_wconf 90' lang='lat' dir='ltr'><strong>con-</strong></span> 
     </span>
     <span class='ocr_line' id='line_1_39' title="bbox 148 3841 1174 3929; baseline 0.001 -25"><span class='ocrx_word' id='word_1_312' title='bbox 148 3841 273 3919; x_wconf 89' lang='lat' dir='ltr'><strong>stiterit,</strong></span> <span class='ocrx_word' id='word_1_313' title='bbox 302 3841 473 3908; x_wconf 88' lang='lat' dir='ltr'><strong>consistere</strong></span> <span class='ocrx_word' id='word_1_314' title='bbox 490 3842 614 3921; x_wconf 90' lang='lat' dir='ltr'><strong>in-suo,</strong></span> <span class='ocrx_word' id='word_1_315' title='bbox 640 3843 733 3908; x_wconf 81' lang='lat' dir='ltr'><strong>facile</strong></span> <span class='ocrx_word' id='word_1_316' title='bbox 752 3842 932 3929; x_wconf 87' lang='lat' dir='ltr'><strong>suppeditat</strong></span> <span class='ocrx_word' id='word_1_317' title='bbox 953 3842 1055 3908; x_wconf 87' lang='lat' dir='ltr'><strong>omnis</strong></span> <span class='ocrx_word' id='word_1_318' title='bbox 1075 3864 1174 3928; x_wconf 75' lang='lat' dir='ltr'><strong>appa-</strong></span> 
     </span>
     <span class='ocr_line' id='line_1_40' title="bbox 93 3935 1201 4021; baseline -0.001 -21"><span class='ocrx_word' id='word_1_319' title='bbox 93 3959 131 4000; x_wconf 77' lang='lat' dir='ltr'><strong>ras</strong></span> <span class='ocrx_word' id='word_1_320' title='bbox 147 3942 234 3997; x_wconf 87' lang='lat' dir='ltr'><strong>ratus</strong></span> <span class='ocrx_word' id='word_1_321' title='bbox 261 3947 453 4019; x_wconf 89' lang='lat' dir='ltr'><strong>ornatusque</strong></span> <span class='ocrx_word' id='word_1_322' title='bbox 480 3936 618 4014; x_wconf 85' lang='lat' dir='ltr'><strong>dicendi3</strong></span> <span class='ocrx_word' id='word_1_323' title='bbox 644 3958 750 4001; x_wconf 90' lang='lat' dir='ltr'><strong>rerum</strong></span> <span class='ocrx_word' id='word_1_324' title='bbox 777 3936 861 4000; x_wconf 91' lang='lat' dir='ltr'><strong>enim</strong></span> <span class='ocrx_word' id='word_1_325' title='bbox 886 3935 978 4021; x_wconf 86' lang='lat' dir='ltr'><strong>copia</strong></span> <span class='ocrx_word' id='word_1_326' title='bbox 1002 3935 1173 4001; x_wconf 88' lang='lat' dir='ltr'><strong>verborum</strong></span> <span class='ocrx_word' id='word_1_327' title='bbox 1198 3936 1201 3943; x_wconf 82' lang='lat'>&#39;</span> 
     </span>
     <span class='ocr_line' id='line_1_41' title="bbox 148 4025 1173 4118; baseline 0.005 -28"><span class='ocrx_word' id='word_1_328' title='bbox 148 4025 270 4113; x_wconf 89' lang='lat' dir='ltr'><strong>copiam</strong></span> <span class='ocrx_word' id='word_1_329' title='bbox 296 4030 411 4117; x_wconf 83' lang='lat' dir='ltr'><strong>gignit3</strong></span> <span class='ocrx_word' id='word_1_330' title='bbox 443 4039 488 4109; x_wconf 89' lang='lat' dir='ltr'><strong>et,</strong></span> <span class='ocrx_word' id='word_1_331' title='bbox 521 4030 548 4094; x_wconf 92' lang='lat' dir='ltr'><strong>si</strong></span> <span class='ocrx_word' id='word_1_332' title='bbox 574 4040 624 4096; x_wconf 90' lang='lat' dir='ltr'><strong>est</strong></span> <span class='ocrx_word' id='word_1_333' title='bbox 648 4030 798 4097; x_wconf 84' lang='lat' dir='ltr'><strong>honestas</strong></span> <span class='ocrx_word' id='word_1_334' title='bbox 825 4030 859 4095; x_wconf 86' lang='lat' dir='ltr'><strong>in</strong></span> <span class='ocrx_word' id='word_1_335' title='bbox 883 4032 979 4096; x_wconf 89' lang='lat' dir='ltr'><strong>rebus</strong></span> <span class='ocrx_word' id='word_1_336' title='bbox 1005 4029 1100 4118; x_wconf 90' lang='lat' dir='ltr'><strong>ipsis,</strong></span> <span class='ocrx_word' id='word_1_337' title='bbox 1132 4030 1173 4095; x_wconf 88' lang='lat' dir='ltr'><strong>dc</strong></span> 
     </span>
    </p>
   </div>
   <div class='ocr_carea' id='block_1_4' title="bbox 0 0 1272 5040">
    <p class='ocr_par' dir='ltr' id='par_1_4' title="bbox 0 0 1272 5040">
     <span class='ocr_line' id='line_1_42' title="bbox 0 0 1272 5040; baseline 0 1"><span class='ocrx_word' id='word_1_338' title='bbox 0 0 1272 5040; x_wconf 95' lang='lat' dir='ltr'><strong> </strong></span> 
     </span>
    </p>
   </div>
  </div>
 </body>
</html>
