2536 5040
339 116 393 170 mr
413 112 594 170 ouArosn
613 115 651 169 11.
670 116 823 170 soa-311.
1032 105 1094 170 129

10 274 15 313 ;
50 242 198 308 insanus
226 262 297 304 esse
324 239 476 302 videatur.
495 237 588 301 —in
614 239 692 324 ipsis
720 250 824 302 autem
851 241 1043 325 argumentis
1067 242 1094 306 si
1113 269 1152 308 sos

10 376 22 405 ς
54 336 143 420 quid
168 333 315 421 posueris
344 344 398 396 aut
425 344 531 418 aperte
558 333 674 396 falsum
706 345 760 397 aut
786 334 828 410 ei,
864 335 948 416 quod
978 335 1094 400 dixeris

10 460 23 471 *
59 430 251 494 dicturusve
270 427 328 504 sis,
357 427 547 491 contrarium
565 437 619 490 aut
645 450 761 510 genero
783 428 854 512 ipso
881 440 1037 492 remotum
1055 431 1095 493 ab

10 556 23 593 =·.
45 544 128 609 ,usu
145 523 333 588 iudiciorum
352 543 388 585 ac
406 521 491 598 foro,
509 521 628 584 nihilne
646 523 781 585 noceas?
801 523 876 605 quid
893 523 1010 586 multa?
1028 545 1096 587 om-

10 650 14 685 r
60 618 116 684 nis
135 640 212 682 eura
228 640 300 682 mea
318 616 398 681 solet
415 617 449 678 in
466 615 527 680 hoc
545 615 664 680 versari
687 639 811 702 semper
829 653 873 664 -
890 617 993 681 dicam
1011 617 1096 681 enim

48 712 196 798 ''saepius
216 747 261 759 —
283 711 309 775 si
331 710 466 795 possim,
493 720 528 773 ut
550 710 625 774 boni
647 711 783 775 efficiam
806 712 923 795 aliquid
947 710 1094 787 dioend03

16 813 20 847 ³
60 807 121 871 ¹erin
137 806 171 870 id
186 805 304 881 minus,
323 817 359 868 ut
376 816 459 869 certe
477 827 517 868 ne
536 804 612 888 quid
630 805 714 868 mali.

13 956 22 964 .
47 913 66 931 ⁴·
127 900 242 983 Itaque
258 920 344 962 nunc
360 897 436 962 illue
453 898 563 975 rede0,
592 897 721 976 Catule,
748 899 781 963 in
799 922 861 982 quo
880 911 915 963 tu
931 921 983 962 me
1000 899 1095 985 paulo
1113 895 1152 1005 ἔξ

10 1018 15 1056 ε
53 992 144 1079 {unte
164 991 334 1070 laudabas,
362 992 403 1056 ad
430 991 573 1056 ordinem
599 991 910 1075 conlocationemque
932 1016 1037 1057 rerum
1059 1013 1096 1055 ac

10 1114 13 1152 :
49 1082 225 1164 .locorum;
252 1085 341 1150 euius
358 1085 440 1150 ratio
459 1096 508 1150 est
525 1085 656 1171 duplex3
676 1087 786 1163 altera,
804 1108 900 1170 quam
919 1087 1022 1152 adfert
1038 1111 1096 1150 na-

157 1202 336 1258 causarum,
364 1180 476 1256 attera,
504 1201 584 1261 quae
602 1189 761 1243 oratorum
777 1181 892 1245 iudicio
911 1192 943 1245 et
960 1182 1097 1266 pruden-

55 1272 115 1343 fin
130 1284 344 1359 comparatur:
363 1295 438 1336 nam
455 1282 491 1335 ut
505 1271 623 1355 aliquid
641 1283 713 1336 ante
730 1295 799 1336 rem
812 1273 964 1349 dieamus,
983 1274 1096 1337 deinde

59 1374 64 1380 '
92 1376 190 1433 trem
208 1389 418 1452 exponamus,
445 1376 521 1452 post
537 1376 573 1429 ut
592 1389 662 1430 eam
680 1366 849 1452 probemus
871 1366 988 1431 nostris
1005 1389 1097 1451 prae-

49 1458 159 1533 ridiis
177 1460 414 1537 conimiandis,
441 1459 605 1525 contrariis
625 1460 815 1536 refutandis,
838 1459 952 1524 deinde
969 1471 1005 1524 ut
1023 1480 1098 1524 con-

53 1552 234 1627 ²cludamus
253 1565 348 1638 atque
364 1554 410 1618 ita
426 1576 625 1640 peroremus,
658 1553 718 1619 hoe
745 1553 870 1618 dicendi
896 1564 1010 1618 natura
1027 1553 1098 1638 ipsa

46 1647 267 1736 praescribis
294 1659 330 1712 ut
345 1669 421 1713 vero
441 1658 615 1713 statuamus
634 1671 684 1726 ea,
713 1670 794 1731 quae
815 1646 869 1733 [de
890 1647 1046 1733 probandi
1064 1657 1096 1711 et
1114 1668 1153 1708 soa

38 1806 50 1822 ,,
62 1742 204 1809 docendi
221 1740 333 1827 causa]
353 1741 488 1806 dicenda
505 1753 589 1818 sunt,
608 1763 702 1824 quem
721 1742 909 1808 admodum
926 1764 1096 1828 compona-

52 1856 154 1927 fimus,
182 1836 217 1900 id
242 1846 292 1900 est
316 1834 368 1898 vel
395 1835 532 1899 maxime
558 1836 721 1920 proprium
746 1836 878 1901 oratoris
900 1835 1096 1923 prudentiae.

44 1929 172 1993 ·'-mnlta
188 1928 272 1992 enim
286 1937 455 1992 occurrunt
468 1938 668 2012 argumenta;
686 1928 794 2006 multa,
813 1951 894 2010 quae
911 1931 945 1993 in
963 1930 1096 1993 dicendo

37 2022 238 2112 ‘',profutura
253 2018 433 2100 videantur3
461 2021 519 2085 sed
536 2043 646 2086 eornm
663 2020 779 2107 partim
795 2020 841 2085 ita
856 2020 939 2085 levia
957 2032 1044 2099 sunt,
1062 2032 1099 2085 ut

52 2112 302 2183 .eontemnenda
314 2112 390 2192 sint3
407 2114 532 2201 partim,
551 2113 675 2180 etiamsi
693 2114 769 2198 quid
781 2114 900 2179 habent
916 2114 1097 2190 adiumenti,

66 2219 146 2277 sunt
162 2229 226 2271 non
243 2229 416 2291 numquam
434 2208 501 2273 eius
520 2208 616 2286 modi,
634 2219 670 2274 ut
685 2209 762 2273 insit
779 2209 812 2272 in
830 2207 876 2273 eis
895 2207 1014 2291 aliquid
1030 2207 1099 2270 vitii

64 2324 173 2386 neque
190 2301 269 2366 tanti
287 2301 330 2366 sit
344 2301 434 2380 illud,
453 2303 539 2386 quod
555 2302 709 2390 prodesse
727 2302 879 2380 videatur,
898 2313 934 2365 ut
951 2322 1023 2365 oum
1042 2300 1098 2363 ali-

65 2418 132 2481 quo
164 2394 248 2460 malo
279 2395 503 2482 coniungatur;
530 2417 617 2479 ‚quae
643 2406 749 2461 autem
779 2394 869 2459 utilia
900 2405 974 2460 sunt
1003 2403 1098 2478 atque
1115 2416 1154 2457 eoo

65 2490 174 2566 firma,
201 2487 229 2552 si
247 2512 285 2553 ea
303 2499 423 2568 tamen,
450 2500 487 2554 ut
505 2512 601 2576 saepe
618 2490 668 2568 fit,
697 2489 790 2555 valde
812 2489 912 2553 multa
934 2498 1021 2566 sunt,
1049 2509 1097 2564 ea,

15 2576 30 2670 J
65 2602 152 2667 quae
169 2603 210 2646 ex
228 2582 274 2647 eis
293 2594 349 2648 aut
364 2584 528 2649 levissima
554 2594 629 2650 sunt
646 2595 701 2649 aut
718 2583 788 2649 aliis
806 2582 1003 2669 gravioribus
1022 2604 1098 2648 con-

66 2674 199 2753 similia,
226 2676 349 2741 secerni
374 2677 509 2743 arbitror
535 2688 680 2764 oportere
708 2688 801 2761 atque
824 2677 1025 2742 exoratione
1047 2698 1098 2740 re·

10 2762 17 2774 ’
65 2766 204 2835 moveri:
231 2769 378 2853 equidem
396 2792 469 2835 eum
486 2769 611 2857 conligo
630 2781 817 2858 argumenta
834 2792 1015 2848 causarum,
1032 2793 1098 2835 non

65 2874 137 2929 tam
162 2883 202 2927 ea
225 2885 392 2930 numerare
418 2864 505 2930 soleo
533 2886 628 2948 quam
654 2866 847 2951 expendere3
880 2876 913 2929 et
938 2865 1095 2949 quoniam,
1115 2859 1154 2969 ξιξ

10 3013 13 3020 .
65 2954 157 3039 quod
174 2977 270 3042 saepe
285 2956 351 3022 iam
369 2957 449 3035 dixi,
477 2959 577 3024 tribus
603 2960 699 3024 rebus
726 2959 870 3024 homines
889 2959 931 3021 ad
956 2967 1099 3020 nostram

66 3048 260 3115 sententiam
275 3051 492 3137 perducimus,
520 3063 574 3116 aut
592 3051 735 3116 docendo
754 3061 808 3114 aut
830 3048 1025 3113 conciliando
1045 3058 1098 3109 aut

10 3172 23 3235 ζ
64 3142 298 3231 permovendo,
324 3167 390 3209 una
406 3168 447 3209 ex
464 3145 564 3209 tribus
583 3143 632 3207 his
659 3143 754 3207 rebus
772 3164 823 3206 res
840 3161 917 3225 prae
939 3138 1031 3203 nobis
1049 3149 1099 3202 est

10 3240 22 3300 i
65 3234 216 3315 ferenda,
242 3249 278 3303 ut
293 3238 373 3303 nihil
396 3238 482 3302 aliud
498 3237 561 3303 nisi
586 3237 700 3302 docere
718 3235 800 3300 velle
822 3234 999 3312 videamur3
1025 3233 1098 3298 reli-

10 3351 20 3406 ξ
67 3350 152 3415 quse
170 3329 266 3410 duae,
285 3332 379 3397 sicuti
397 3331 527 3418 sanguis
545 3331 580 3395 in
597 3329 796 3417 corporibus,
823 3329 869 3394 sic
886 3328 959 3393 illae
975 3327 1009 3392 in
1026 3349 1099 3415 per-

10 3443 15 3498 :
65 3421 174 3510 patriis
200 3425 396 3493 orationibus
419 3426 511 3492 fusae
529 3448 601 3491 esse
624 3424 798 3502 debebunt3
828 3420 916 3510 [nam
934 3434 966 3487 et
982 3421 1099 3509 princi-

13 3589 16 3595 ,
65 3516 124 3603 pio
148 3527 183 3583 et
207 3530 332 3586 ceterae
358 3531 467 3609 partes
493 3519 658 3599 orationis,
691 3519 732 3586 de
758 3518 872 3603 quibus
904 3517 1099 3604 paulopost

10 3609 18 3657 Τ
66 3632 172 3697 pauca
193 3612 350 3695 dicemus,
377 3615 496 3681 habere
521 3614 604 3680 hanc
620 3615 687 3679 vim
706 3636 823 3699 magno
850 3633 945 3698 opere
972 3609 1097 3685 debent,

10 3720 18 3763 .'
65 3712 104 3769 ut
121 3704 165 3771 ed
180 3728 291 3773 eorum
309 3709 439 3788 mentis,
467 3708 552 3797 apud
569 3730 649 3794 quos
676 3717 802 3794 agetur,
827 3702 1001 3770 movendas
1027 3723 1099 3787 per-

66 3820 199 3867 manare
216 3800 367 3891 possint]
412 3803 471 3871 sed
491 3802 542 3868 his
567 3801 710 3889 partibus
737 3798 887 3865 orationis
914 3818 1009 3881 quae,
1037 3795 1097 3860 etsi
1114 3821 1154 3862 an

11 3892 14 3902 '
64 3890 149 3961 nihil
174 3894 291 3961 docent
318 3894 615 3984 [argumentando],
644 3888 893 3982 [persuadendo]
922 3900 1028 3956 tamen
1051 3886 1099 3975 [et

119 3996 234 4041 Ciceronis
242 3998 287 4043 rot.
298 3997 327 4041 tt.
907 3996 921 4043 9
