2536 5040
72 39 938 421 u

368 693 422 749 DE
440 692 623 750 ORATORE
641 695 665 748 1.
686 692 836 749 124-132.
1074 679 1116 745 27

83 818 121 885 in
148 828 273 884 oratore
299 840 438 894 summa,
464 816 594 902 probari
618 839 684 881 nou
708 815 833 902 potest’
883 827 950 881 tum
977 814 1116 882 Crassus
1135 834 1172 874 me

86 911 193 996 ‘atqui
218 910 304 978 vide'
335 910 439 993 inquit
470 910 517 973 ‘in
542 909 673 975 artifieio
702 931 856 996 perquam
886 910 972 974 tenui
998 919 1030 975 et
1053 909 1118 975 levi

83 1017 208 1090 quanto
225 1005 298 1093 plus
312 1004 499 1069 adhibeatur
512 1003 703 1090 diligentiae,
722 1025 819 1086 quam
830 1002 864 1066 in
883 1001 944 1066 hae
960 1025 1005 1080 re,
1023 1024 1118 1085 quam

85 1110 216 1166 eonstat
233 1120 306 1164 esse
319 1096 503 1171 maximam:
523 1119 618 1183 saepe
632 1097 717 1161 enim
731 1096 819 1161 soleo
833 1097 941 1161 audire
954 1096 1117 1173 Roscium,

85 1215 166 1259 cum
182 1193 229 1257 ita
246 1191 347 1269 dieat,
374 1213 410 1256 se
427 1190 530 1255 adhue
550 1190 689 1278 reperire
707 1189 911 1275 discipulum,
939 1212 1034 1273 quem
1051 1188 1121 1272 qui-

85 1289 169 1353 dem
194 1285 356 1372 probaret,
382 1284 524 1370 potuisse
549 1284 721 1362 neminem,
749 1307 814 1349 non
841 1305 904 1369 quo
925 1307 991 1348 non
1013 1293 1121 1348 essent

85 1379 224 1464 quidam
240 1377 435 1465 probabiles,
462 1377 520 1442 sed
537 1377 625 1463 quia,
644 1377 673 1442 si
690 1376 808 1462 aliquid
825 1378 920 1443 modo
939 1387 1025 1442 esset
1041 1376 1118 1454 vitii,

86 1474 125 1538 id
142 1473 226 1537 ferre
243 1473 312 1559 ipse
329 1495 394 1537 non
411 1482 535 1558 posset3
561 1471 641 1536 nihil
658 1482 708 1537 est
725 1471 810 1537 enim
827 1482 892 1537 tam
913 1470 1039 1558 insigne
1060 1492 1120 1546 neo

87 1579 158 1631 tam
175 1566 218 1631 ad
235 1565 471 1630 diuturnitatem
488 1565 660 1631 memoriae
679 1565 806 1644 stabile,
825 1587 920 1649 quam
936 1565 984 1643 id,
1005 1566 1040 1630 in
1059 1586 1119 1648 quo

86 1660 211 1745 aliquid
228 1658 410 1725 offenderis.
435 1658 542 1742 itaque
559 1669 596 1724 ut
613 1660 655 1724 ad
672 1659 754 1725 hanc
772 1659 1008 1724 similitudinem
1024 1657 1119 1723 huius
1138 1674 1177 1718 reo

86 1753 253 1818 histrionis
280 1752 451 1819 oratoriam
474 1751 603 1816 laudem
629 1753 817 1837 dirigamus,
846 1753 1001 1819 videtisne
1024 1776 1120 1837 quam

87 1847 172 1911 nihil
190 1847 231 1910 ab
249 1868 287 1911 ec
304 1845 368 1910 nisi
383 1845 535 1932 perfecte,
552 1844 632 1909 nihil
649 1845 711 1909 nisi
729 1867 802 1909 eum
814 1868 938 1910 summa
955 1856 1121 1910 venustate

88 1942 163 2018 fiat,
189 1938 253 2003 nisi
272 1938 331 2017 ita,
358 1939 529 2004 ut·deeeat
550 1938 651 2003 etuti
672 1939 773 2004 omnis
799 1948 926 2003 moveat
951 1951 1045 2023 atque
1067 1939 1122 2002 de-

89 2033 207 2098 lectet?
230 2032 338 2117 itaque
366 2032 428 2097 hoc
453 2031 518 2097 iam
542 2033 596 2097 diu
622 2044 672 2098 est
697 2043 902 2111 consecutus,
928 2044 977 2111 ut,
1003 2032 1037 2096 in
1058 2053 1121 2116 quo

90 2127 228 2213 quisque
246 2126 377 2193 artificio
395 2128 580 2207 excelleret,
606 2128 635 2193 is
652 2127 687 2192 in
704 2151 762 2195 suo
785 2151 901 2214 genere
917 2127 1055 2194 Roscius
1075 2127 1122 2192 di-

92 2233 226 2286 ceretur.
266 2221 350 2286 hane
367 2243 428 2308 ego
446 2221 677 2287 absolutionem
694 2221 983 2308 perfectionemque
999 2222 1034 2287 in
1051 2244 1123 2288 ora

93 2328 163 2385 tore
190 2315 390 2394 desiderans,
418 2339 438 2381 a
460 2339 523 2401 qua
547 2317 617 2404 ipse
639 2317 734 2404 longe
749 2318 883 2396 absum,
911 2317 993 2382 facio
1018 2317 1122 2404 impu-

73 2410 222 2489 ‚denter3
239 2410 319 2474 mihi
336 2409 420 2474 enim
434 2410 507 2476 volo
519 2410 653 2497 ignosci,
673 2410 785 2476 ceteris
802 2411 872 2497 ipse
885 2434 950 2476 non
971 2411 1118 2498 ignos003

92 2526 170 2568 nam
188 2503 242 2586 qui
259 2525 324 2569 non
340 2514 461 2588 potest,
480 2504 535 2588 qui
552 2504 665 2570 vitiose
682 2504 772 2583 facit,
792 2525 886 2587 quem
904 2505 1039 2589 denique
1057 2527 1122 2569 non

90 2597 203 2672 decet,
229 2594 329 2672 hunc,
351 2606 388 2659 ut
404 2596 594 2682 Apollonius
612 2597 756 2675 iubebat,
783 2597 887 2676 adid,
915 2599 1001 2682 quod
1018 2599 1123 2662 faeere

90 2688 214 2779 possit,
242 2688 473 2754 detrudendum
493 2691 590 2777 puto?
636 2697 727 2756 ‘num
747 2702 783 2756 tu
802 2692 912 2778 igitur’
930 2692 1032 2775 inquit
1050 2689 1125 2755 Sul-
1142 2688 1176 2741 29

92 2782 198 2871 picius
218 2787 284 2847 ‘me
302 2793 358 2848 aut
375 2782 459 2847 hunc
478 2783 606 2850 Cottam
623 2785 672 2850 ius
691 2785 783 2850 civile
801 2797 856 2850 aut
871 2807 940 2850 rem
957 2784 1125 2850 militarem
1143 2760 1178 2799 ω

92 2877 187 2941 iubes
214 2875 356 2941 discere?
382 2900 458 2942 nam
484 2877 554 2960 quis
578 2878 619 2942 ad
639 2879 702 2943 ista
728 2901 852 2942 summa
877 2890 971 2962 atque
988 2878 1022 2943 in
1039 2879 1125 2944 omni

91 2991 213 3057 genere
234 2970 377 3056 perfecta
401 2981 509 3058 potest
532 2970 729 3058 pervenirel'
758 2981 826 3035 tum
847 2971 900 3036 ille
927 2977 1002 3058 ‘ego
1028 2972 1125 3050 ver0,'

92 3063 199 3146 inquit
224 3064 324 3147 ‘quod
341 3063 375 3129 in
392 3064 484 3130 vobis
502 3065 666 3152 egregiam
691 3065 850 3149 quandam
872 3085 910 3129 ac
929 3065 1126 3151 praeclaram

92 3156 236 3222 indolem
253 3158 296 3221 ad
313 3158 482 3223 dicendum
499 3181 571 3224 esse
589 3159 739 3246 cognovi,
758 3159 876 3224 idcireo
894 3158 974 3224 haec
992 3159 1125 3247 exposui

92 3250 218 3329 omnia,
244 3273 306 3316 nee
326 3252 429 3338 magis
449 3252 490 3341 ad
507 3275 562 3318 eos
581 3254 799 3332 deterrendos,
827 3252 881 3337 qui
896 3276 961 3319 non
982 3264 1123 3341 possent,

92 3366 193 3428 quam
219 3345 262 3409 ad
286 3367 360 3425 vos,
391 3347 446 3431 qui
471 3347 623 3433 possetis,
654 3347 854 3413 exacuendos
885 3347 1125 3414 adcommodavi

94 3437 273 3504 orationem
289 3462 408 3519 meam3
427 3451 460 3506 et
477 3462 668 3526 quamquam
684 3440 719 3506 in
735 3452 870 3525 utroque
885 3452 1026 3506 vestrum
1040 3465 1126 3507 sum-

92 3553 186 3596 mum
202 3554 275 3598 esse
300 3532 464 3621 ingenium
490 3535 692 3620 studiumque
717 3535 876 3622 perspexi,
904 3547 1011 3602 tamen
1037 3534 1126 3611 haec,

94 3648 181 3712 quae
199 3628 324 3692 suntin
341 3628 447 3715 specie
463 3631 578 3716 posita,
597 3630 637 3694 de
655 3629 770 3713 quibus
787 3629 880 3715 plura
896 3632 1033 3694 fortasse
1051 3626 1127 3705 dixi,

94 3743 195 3805 quam
217 3722 322 3787 solent
339 3721 455 3789 Graeci
477 3723 596 3800 dicere,
622 3722 656 3786 in
673 3733 720 3800 te,
747 3720 884 3807 Sulpici,
911 3722 1019 3786 divina
1039 3730 1127 3799 sunt;

93 3837 160 3903 ego
179 3813 265 3879 enim
280 3815 441 3879 neminem
456 3836 517 3880 nec
532 3826 623 3880 motu
648 3814 789 3900 corporis
810 3835 913 3896 neque
930 3813 1002 3900 ipso
1018 3812 1128 3879 habitu
1145 3841 1183 3883 rsa

94 3920 196 3993 atque
212 3907 318 3973 forma
335 3907 489 3995 aptiorem
505 3929 565 3974 nec
582 3929 661 3974 voce
685 3907 861 3995 pleniorem
879 3919 933 3974 aut
951 3909 1129 3976 suaviorem

94 4002 179 4071 mihi
204 4002 315 4069 videor
340 4002 484 4083 audisse;
511 4026 591 4089 qnae
609 4003 723 4089 quibus
740 4027 761 4069 a
776 4013 890 4071 natura
914 4005 1037 4071 minora
1054 4006 1130 4069 data

91 4110 188 4178 sunt,
214 4110 322 4165 tamen
338 4098 418 4164 illud
435 4098 567 4185 adsequi
582 4110 732 4188 possunt,
758 4110 795 4164 ut
811 4100 872 4179 eis,
900 4121 982 4185 quae
999 4100 1127 4175 habent,

90 4194 224 4267 modice
251 4206 283 4261 et
305 4194 442 4261 scienter
466 4205 594 4260 utantur
616 4205 647 4260 et
664 4204 700 4258 ut
720 4217 762 4259 ne
788 4194 950 4260 dedeceat.
992 4193 1027 4256 id
1044 4190 1129 4256 enim

95 4298 152 4356 est
178 4288 316 4355 maxime
342 4289 507 4355 vitandum
524 4299 558 4355 et
579 4289 619 4354 de
641 4287 703 4354 hcc
723 4309 787 4354 uno
813 4286 942 4351 minime
960 4294 1010 4348 est
1035 4281 1128 4347 facile

93 4381 282 4471 praecipere
299 4406 364 4451 non
380 4381 460 4447 mibi
475 4383 580 4460 modo,
600 4381 654 4466 qui
671 4381 753 4446 sieut
768 4402 851 4445 unus
872 4375 1126 4465 [paterfamilias]

93 4499 116 4543 e
130 4478 236 4543 madia
253 4477 303 4542 bis
322 4479 362 4543 de
383 4477 479 4543 rebus
505 4476 632 4562 loquor,
659 4476 717 4540 sed
737 4473 833 4539 etiam
853 4471 916 4558 ipsi
938 4470 984 4536 illi
999 4470 1128 4550 Roscio,
