2536 5040
189 222 232 287 72
493 230 532 286 M.
554 229 689 287 TULLII
708 224 908 283 CICERONIS
1223 294 1226 299 Ι

188 357 281 442 ‘quid
302 354 375 433 est,’
401 353 504 438 inquit
526 351 688 419 ‘Catulel'
716 349 837 417 Caesar
861 349 929 414 ‘ubi
952 358 1040 428 sunt,
1068 349 1123 434 qui
1144 350 1216 427 Au·¹

188 451 309 517 tonium
327 448 451 515 Graece
472 457 592 534 negant
610 446 709 512 scire?
736 457 813 530 quot
839 444 1005 510 historicos
1022 444 1232 509 nominavit?-¹

188 567 283 630 quam
302 543 450 621 scienter,
477 564 572 625 quam
596 539 722 628 proprie
740 540 780 604 de
797 561 861 605 uno
883 560 1008 623 quoque
1031 538 1140 603 dixitl’
1169 539 1231 603 ‘id·

187 637 380 705 meheroule'
410 637 512 721 inquit
538 634 672 702 Catulus
705 634 878 701 ‘admirans
908 635 987 698 illud
1012 634 1077 698 iam
1106 634 1227 707 mirari,

190 735 311 813 desino,
330 733 416 818 quod
431 732 531 798 multo
548 730 652 817 magis
670 740 744 796 ante
761 730 907 808 mirabar,
926 730 1024 808 hunc,
1043 751 1117 794 oum
1136 729 1236 795 hacc¹

65 860 68 873 ·
187 829 337 906 nesciret,
372 827 407 892 in
438 824 572 890 dicendo
598 847 694 911 posse
725 823 867 889 tantum?
929 823 1045 908 ‘atqui,
1078 821 1211 902 Catule,’

187 923 289 1005 inquit
308 919 470 986 Antonius
497 923 575 983 ‘non
601 940 662 1003 ego
687 916 856 982 utilitatem
881 917 1018 1000 aliquam
1039 917 1082 982 ad
1107 916 1218 982 dicen·
1233 948 1241 1007 '1

189 1017 264 1080 dum
282 1037 443 1103 aucupans
462 1013 575 1078 horum
591 1011 690 1078 libros
708 1022 741 1077 et
757 1035 822 1076 non
838 1011 943 1077 nullos
962 1011 1055 1090 alios,
1083 1010 1145 1076 sed
1162 1011 1216 1077 de·

141 1135 168 1176 so
188 1108 364 1174 lactationis
391 1129 501 1183 causa,
533 1127 605 1170 cum
632 1115 682 1170 est
707 1105 819 1183 otium,
849 1105 956 1191 legere
988 1105 1085 1170 soleo.
1141 1104 1240 1189 quid·

189 1205 284 1289 ergo?
318 1212 382 1280 est,
411 1201 549 1278 fatebor,
585 1199 705 1283 aliquid
738 1210 857 1278 tamen3
892 1209 942 1278 ut,
980 1221 1052 1264 oum
1086 1199 1121 1264 in
1150 1200 1246 1265 sole..

189 1295 361 1374 ambulem,
388 1294 511 1360 etiamsi
536 1316 596 1381 ego
625 1294 667 1359 ob
693 1293 779 1357 aliud
808 1293 980 1371 ambulem,
1006 1292 1075 1358 fieri
1100 1303 1220 1358 natura

189 1401 308 1467 tamen,
339 1398 375 1454 ut
400 1389 534 1465 colorer,
567 1388 627 1465 sic,
655 1408 727 1452 cum
752 1387 831 1452 istos
858 1387 954 1453 libros
983 1388 1024 1451 ad
1049 1385 1216 1451 Misenum

186 1519 232 1533 -
251 1506 327 1549 nam
347 1482 469 1549 Βοιιιιιθ
496 1482 551 1546 vix
576 1481 651 1546 lioet
670 1515 715 1529 -
738 1481 909 1546 studiosius
936 1480 1082 1566 legerim,
1110 1481 1218 1546 sentio

187 1578 314 1644 illorum
339 1587 404 1641 tact
404 1600 426 1640 ιι
391 1576 626 1641 torationem
651 1597 756 1638 meam
782 1575 873 1658 quasi
899 1575 1041 1641 colorari.
1090 1575 1151 1639 sed
1176 1596 1217 1640 ne
1239 1586 1248 1595 ““

187 1671 282 1736 latius
300 1670 361 1734 hoc
377 1669 542 1735 vobist
486 1690 542 1775 pa·
529 1678 594 1732 tere
611 1667 765 1744 videatur,
784 1669 863 1733 haec
880 1668 1069 1732 dumtaxat
1031 1679 1095 1733 tm
1113 1667 1225 1734 Grae--

188 1763 234 1827 cis
252 1763 415 1847 intellego,
435 1782 516 1844 quae
533 1760 609 1848 ipsi,
634 1760 687 1845 qui
705 1761 911 1849 scripserunt,
885 1761 1102 1827 tvoluerunt
1117 1762 1258 1865 volgo?

143 1882 169 1923 er
190 1854 382 1941 intellegi.'
372 1878 406 1918 ιιι
432 1854 638 1940 philosophos
665 1871 788 1920 aestros
816 1855 843 1919 si
870 1856 995 1939 quando
1021 1855 1133 1933 incidi,
1163 1832 1258 1921 de·
1253 1882 1258 1931 ι

191 1958 263 2034 cept
262 1971 300 2012 us
250 1948 476 2013 tindicibus
494 1948 659 2026 librorum,
687 1948 741 2033 qui
764 1958 838 2013 sunt
859 1948 925 2013 fere
946 1949 1088 2034 inscripti
1107 1949 1149 2013 de
1167 1968 1258 2014 re·'
1254 1998 1258 2027 ,

188 2041 250 2106 bus
272 2040 355 2106 notis
379 2052 410 2106 et
431 2041 631 2119 inlustribus,
659 2043 698 2106 de
720 2041 848 2118 virtute,
876 2041 1066 2118 derustitia,
1094 2041 1135 2105 de
1159 2042 1217 2107 ho·

188 2144 328 2212 aestate,
356 2135 395 2200 de
414 2135 556 2220 voluptat
557 2158 588 2213 e,
613 2135 745 2199 verbum
761 2156 891 2220 prorsus
908 2135 1095 2199 nullumt
1047 2159 1080 2199 m
1082 2135 1218 2221 tellego;
1252 2136 1258 2175 '·

188 2227 233 2293 ita
264 2238 338 2292 sunt
368 2229 510 2314 angustis
541 2239 574 2292 et
607 2227 741 2292 concisis
778 2227 1041 2313 disputationibus
1076 2227 1217 2315 inligati3

188 2328 298 2408 politas
330 2322 456 2387 omnino
488 2321 579 2405 quasi
600 2320 667 2386 ‘alia
697 2321 833 2405 quadam
863 2322 972 2407 lingua
1000 2322 1122 2387 locutos
1150 2347 1219 2389 non
1256 2328 1258 2337 '

189 2437 286 2481 conor
304 2416 469 2502 attingere.
514 2437 586 2479 oum
603 2415 653 2480 his
671 2437 737 2493 me,
763 2425 800 2479 ut
817 2414 897 2493 dixi,
925 2416 1062 2493 oblecto,
1090 2415 1145 2499 qui
1163 2439 1216 2482 res

189 2519 297 2595 gestas
316 2520 371 2574 aut
392 2509 548 2574 orationes
567 2509 760 2595 scripserunt
783 2532 858 2574 suas
877 2519 931 2573 aut
948 2508 1002 2593 qui
1018 2508 1063 2573 ita
1079 2508 1218 2592 loquun-

189 2613 254 2681 tur,
280 2612 316 2666 ut
341 2602 470 2667 videant
457 2612 507 2665 tur
532 2602 671 2667 voluisse
698 2624 769 2667 esse
795 2602 886 2667 nob1s
893 2650 902 2680 ,
933 2602 987 2687 qui
1012 2626 1077 2668 non
1104 2626 1218 2669 sumus
1250 2630 1257 2637 ·

137 2692 171 2805 g>
189 2694 300 2760 erudit
278 2694 401 2771 trssimi,
391 2672 792 2854 ,ιιιῒιιιὶιίιιιιιγιιᾶΗ
710 2695 784 2759 illuc
802 2697 911 2762 redeo·
929 2696 1095 2775 videtisne,
1114 2719 1220 2782 quan

188 2800 256 2853 tum
276 2809 391 2852 munus
418 2799 459 2852 ιιι
485 2799 553 2853 orat
554 2811 600 2853 οιι
630 2786 692 2855 bis
694 2789 792 2855 toria?
818 2791 903 2855 haud
930 2790 995 2856 scio
1018 2814 1058 2856 an
1083 2792 1226 2858 flumine·

188 2880 337 2946 orationis
356 2891 388 2945 et
409 2881 561 2947 varietate
587 2883 773 2963 maximum3
799 2907 902 2968 neque
924 2908 994 2951 eam
1019 2886 1141 2971 reperio
1160 2907 1218 2951 us-

188 2996 283 3057 quam
315 2975 485 3059 separatim
515 2976 703 3063 instructam
732 2977 894 3044 rhetorum
923 2980 1115 3065 praeceptis3
1152 2980 1216 3044 sita

189 3079 263 3134 sunt
288 3068 372 3134 enim
399 3081 472 3135 ante
499 3071 617 3137 oculos.
661 3073 831 3158 numquis
857 3074 959 3138 nescit
983 3075 1118 3159 primam
1140 3095 1214 3139 esse

187 3161 337 3228 historiae
359 3162 477 3250 legem,
503 3165 639 3250 nequid
660 3166 734 3231 falsi
756 3166 859 3231 dicere
882 3167 1015 3232 audeat?
1041 3166 1154 3231 deinde
1174 3189 1220 3233 ne

188 3258 265 3342 quid
290 3257 357 3325 veri
381 3282 446 3324 non
473 3260 607 3324 audeat?
632 3283 673 3325 ne
699 3282 780 3345 quae
808 3261 940 3347 suspitio
967 3261 1086 3347 gratiae
1113 3260 1154 3324 sit
1180 3262 1217 3325 in

138 3377 166 3419 ca
189 3352 373 3418 scribendo?
399 3374 538 3436 nequae
557 3353 744 3418 simultatis?
769 3353 848 3419 haec
866 3354 986 3419 scilicet
1006 3354 1217 3419 fundamenta

186 3454 264 3509 nota
281 3454 355 3508 sunt
371 3446 531 3522 omnibus,
548 3445 619 3531 ipsa
637 3456 743 3511 autem
760 3447 975 3513 exaedificatio
991 3447 1096 3533 posita
1113 3456 1163 3511 est
1181 3446 1216 3511 in

186 3537 281 3602 rebus
300 3545 332 3600 et
353 3537 473 3601 verbis:
499 3559 605 3601 rerum
621 3539 702 3604 ratio
724 3539 866 3604 ordinem
889 3550 1065 3625 temporum
1087 3538 1215 3606 deside-

185 3639 249 3707 rat,
267 3627 434 3714 regionum
451 3628 695 3716 descriptionem
701 3655 710 3707 3
729 3632 796 3696 volt
813 3631 922 3710 etiam,
946 3631 1093 3716 quoniam
1111 3632 1145 3695 in
1162 3657 1219 3699 re·

186 3723 247 3789 bus
264 3722 389 3810 magnis
407 3722 621 3806 memoriaque
639 3723 744 3810 dignis
767 3724 899 3790 consilia
919 3725 1068 3811 primum,
1097 3725 1216 3792 deinde

188 3830 272 3898 acta,
297 3829 410 3907 postea
427 3829 558 3884 eventus
581 3830 817 3905 exspectentur,
845 3831 877 3884 et
893 3820 933 3886 de
955 3819 1094 3885 consiliis
1113 3820 1215 3906 signi-

186 3912 274 3976 ficari
300 3912 377 3996 quid
402 3912 535 3999 scriptor
560 3913 673 3998 probet
698 3913 785 3978 etin
809 3914 905 3979 rebus
931 3913 1030 4001 gestis
1058 3913 1213 3979 declarari

187 4026 252 4068 non
278 4006 380 4071 solum
407 4008 482 4093 quid
508 4017 613 4073 actum
640 4017 693 4073 aut
719 4007 837 4073 dictum
860 4007 914 4087 sit,
943 4008 1000 4073 sed
1026 4007 1121 4073 etiam
1147 4027 1215 4089 quo
