2536 5040
210 242 253 307 32
515 253 555 306 Μ.
574 249 710 308 TULLII
727 245 930 305 CICERONIS

209 397 311 460 eoque
342 397 413 441 sum
443 397 521 439 usus
553 373 755 450 adulescens,
786 382 823 436 ut
851 393 1047 437 summorum
1077 380 1186 436 orator
1214 402 1229 426 a

210 469 352 536 Graecas
378 467 536 534 orationes
563 467 768 554 explicarem,
800 466 914 549 quibus
940 465 1031 531 lectis
1057 464 1120 529 hoc
1149 488 1219 529 am

208 564 343 647 quebar‚
364 571 415 641 ut,
437 584 581 640 cumea,
608 583 690 645 quae
706 561 847 647 legeram
866 558 1004 638 Graece,
1030 557 1153 624 Latine
1192 589 1230 616 a

209 659 331 735 derem,
357 681 423 722 non
442 657 545 722 solum
566 655 693 743 optimis
720 655 826 720 verbis
843 664 948 720 uterer
965 664 998 719 et
1014 664 1123 719 tamen
1141 653 1195 719 usi
1225 662 1230 688 ·'

209 751 261 830 tis,
280 752 338 816 sed
355 751 450 817 etiam
463 749 673 836 exprimerem
686 748 842 833 quaedam
859 749 958 814 verba
974 746 1139 827 imitando,
1160 769 1228 833 qnae

154 873 196 922 as,
208 869 292 914 nova
308 846 425 912 nostris
443 855 560 923 essent,
580 845 655 908 dum
671 844 766 909 modo
785 853 893 908 essent
908 842 1032 909 idonea.
1067 842 1135 907 iam
1152 866 1189 908 v·
1200 874 1229 899 ι.

209 949 243 1006 et
260 939 389 1027 spiritus
407 949 440 1003 et
464 938 561 1005 totius
588 937 728 1023 corporis
750 947 782 1003 et
802 936 903 1023 ipsius
928 936 1056 1023 linguae
1083 948 1193 1003 motus
1213 969 1220 992 ιἸ

209 1031 449 1099 exercitationes
476 1053 542 1096 non
559 1040 624 1095 tam
642 1030 718 1095 artis
735 1029 879 1115 indigent
897 1052 991 1114 quam
1008 1029 1146 1111 laboris;
1174 1030 1229 1117 qu‘·

209 1130 268 1193 bus
286 1127 320 1191 in
337 1126 433 1192 rebus
451 1125 599 1191 habenda
615 1134 665 1190 est
681 1124 760 1190 ratio
775 1124 951 1212 diligenter,
970 1147 1049 1209 quos
1067 1125 1229 1204 imitemur,

209 1244 343 1303 quorum
369 1218 487 1285 similes
514 1217 648 1283 velimus
676 1240 757 1285 esse.
801 1218 944 1284 intuendi
964 1219 1058 1284 nobis
1082 1230 1163 1286 sunt
1178 1242 1233 1299 noa¹

210 1314 313 1379 solum
330 1324 483 1391 oratores,
503 1311 674 1378 sedetiam
690 1323 829 1391 actores,
847 1335 888 1378 ne
904 1312 990 1378 mala
1008 1314 1232 1381 consuetudins

154 1432 192 1473 rar
211 1410 253 1473 ad
270 1408 407 1493 aliquam
425 1405 657 1473 deformitatem
674 1407 925 1493 pravitatemque
943 1407 1121 1473 veniamus.
1153 1432 1233 1475 exer·

209 1504 310 1569 aenda
335 1513 385 1567 est
411 1501 506 1567 etiam
532 1500 684 1567 memoria
710 1501 888 1567 ediscendis
915 1502 1116 1567 adverbum
1145 1524 1233 1589 quau

207 1597 351 1684 plurimis
371 1607 402 1660 et
423 1596 541 1661 nostris
569 1595 693 1682 scriptis
718 1605 750 1661 et
771 1596 895 1675 alienis3
924 1606 1018 1681 atque
1039 1596 1074 1660 in
1091 1618 1135 1663 ea
1152 1620 1234 1665 exer·

208 1690 356 1755 citatione
372 1711 438 1754 non
463 1712 540 1755 sane
557 1689 635 1753 mihi
663 1689 809 1777 displicet
826 1689 990 1769 adhibere,
1017 1690 1045 1755 si
1062 1692 1234 1771 consueris,

211 1781 334 1869 [etiam]
352 1783 448 1847 istam
469 1783 611 1849 locorum
637 1784 937 1868 simulacrorumque
960 1783 1131 1863 rationem,
1160 1808 1235 1872 quer

207 1879 241 1943 in
259 1888 325 1942 arte
343 1876 485 1942 traditur.
529 1877 694 1942 educenda
721 1876 834 1944 deinde
861 1876 957 1944 dictio
975 1888 1084 1943 estex
1101 1878 1169 1945 hac
1187 1880 1234 1947 do·

206 1971 340 2036 mestica
362 1971 585 2037 exercitatione
604 1983 636 2037 et
654 1971 814 2036 umbratili
839 1971 979 2037 medium
995 1972 1028 2037 in
1046 1995 1183 2059 agmen,
1208 1975 1234 2039 iu

207 2065 385 2151 pulverem,
412 2066 446 2130 in
464 2065 648 2142 clamorem,
675 2065 709 2130 in
727 2076 832 2131 castra
850 2077 944 2151 atque
961 2066 995 2130 in
1013 2066 1114 2131 aciem
1132 2068 1233 2134 foren-

208 2182 291 2238 sem3
325 2161 508 2226 subeundus
535 2159 623 2224 visus
651 2158 815 2225 bominum
841 2171 874 2226 et
897 2159 1125 2247 periclitandae
1154 2162 1232 2229 vira

206 2253 339 2340 ingenii,
371 2265 403 2320 et
428 2254 483 2319 illa
509 2253 730 2320 commentatio
756 2254 880 2319 inclusa
904 2254 938 2318 in
965 2254 1107 2321 veritatis
1133 2256 1232 2323 lucem

152 2370 190 2411 rsa
206 2349 397 2434 proferenda
419 2358 483 2427 est3
509 2347 638 2435 legendi
655 2347 750 2413 etiam
775 2354 902 2435 poetae,
930 2349 1176 2436 cognoscendae
1192 2350 1232 2415 bi·

207 2442 337 2520 sturiae,
365 2441 506 2507 omnium
523 2442 677 2508 bonarum
695 2441 809 2507 artium
827 2443 971 2509 doctores
990 2453 1085 2527 atque
1103 2443 1232 2531 scripto·

205 2558 258 2601 res
275 2535 404 2621 legendi
431 2548 463 2600 et
479 2535 701 2621 pervolutandi
727 2547 759 2600 et
785 2535 1017 2601 exercitationis
1043 2558 1145 2603 causa
1170 2539 1232 2603 lau·

208 2629 317 2705 dandi,
335 2628 575 2714 interpretandi,
603 2630 795 2715 corrigendi,
823 2630 1036 2717 vituperandi,
1053 2631 1231 2711 refellendi}

207 2720 494 2805 disputandumque
513 2723 553 2786 de
571 2722 657 2788 omni
673 2745 708 2787 re
724 2723 759 2788 in
777 2724 948 2789 cannarias
965 2724 1130 2812 partinet,
1149 2726 1231 2811 quic·

206 2812 283 2897 quid
309 2813 369 2880 erit
392 2815 426 2880 in
458 2838 583 2902 quaque
610 2840 659 2896 re,
692 2819 777 2902 quod
806 2818 969 2905 probabile
996 2817 1097 2884 videri
1121 2820 1231 2907 possit,
1266 2835 1268 2868 ³

150 2929 188 2971 rsa
208 2909 395 2976 eliciendum
424 2909 533 2999 [atque
559 2912 742 3001 dicendum]
748 2939 758 2993 3
785 2914 1030 3001 perdiscendum
1054 2913 1105 2978 ius
1132 2914 1234 2991 civile,-
1267 2947 1268 2974 r

206 3007 446 3090 cognoscendae
463 3008 567 3094 leges,
594 3009 798 3095 percipienda
815 3008 918 3074 omnis
936 3007 1123 3092 antiquitas,
1142 3014 1268 3099 senas

206 3099 287 3166 toria
321 3103 529 3181 consuetudo,
566 3103 732 3189 disciplina
761 3102 808 3169 rei
836 3102 997 3189 publicae,
1031 3102 1103 3169 iura
1133 3103 1245 3171 socia

204 3217 290 3273 rum,
330 3195 473 3273 foedera,
512 3196 689 3281 pactiones,
730 3218 827 3261 causa
856 3195 980 3283 imperii
1011 3196 1247 3283 cognoscenda¹

204 3299 269 3368 est3
295 3289 442 3355 libandus
460 3301 510 3354 cst
528 3289 623 3353 etiam
640 3312 681 3355 ex
698 3288 784 3355 omni
802 3312 919 3376 genere
940 3290 1129 3357 urbanitatis
1148 3292 1243 3359 face

204 3381 320 3445 tiaram
350 3382 478 3465 quidam
510 3382 616 3469 lepos,
653 3406 715 3467 quo
752 3393 913 3467 tamquam
948 3383 1014 3449 sale
1044 3374 1236 3481 perspergan

205 3483 257 3537 tur
281 3475 384 3539 omnis
410 3475 519 3541 oratio.
572 3477 671 3541 effudi
693 3475 784 3542 vobis
806 3477 912 3542 omnia
937 3499 1019 3561 quae
1046 3479 1248 3545 sentiebam

205 3588 286 3650 quae
303 3567 453 3647 fortasse,
476 3590 705 3654 quemcumque
726 3571 984 3656 patremfamilias
1013 3571 1193 3657 adripuisse
1202 3605 1209 3628 ·
1223 3576 1241 3646 ,1

205 3682 246 3725 ex
272 3659 377 3744 aliquo
403 3661 533 3741 circulo,
560 3663 672 3729 eadem
698 3662 788 3729 vobis
815 3665 1073 3751 percontantibus
1099 3689 1171 3732 res
1185 3700 1211 3726 μ
1236 3681 1247 3758 ⁴ss

206 3753 325 3820 disset!

152 3847 188 3900 35
265 3850 358 3915 Haec
384 3872 456 3916 cum
478 3848 615 3916 Crassus
643 3850 791 3931 dixisset,
818 3852 976 3919 silentium
1003 3864 1053 3919 est
1079 3820 1238 3923 consecu·¹

150 3919 189 3959 ¹⁸⁰
206 3952 286 4021 tum3
305 3944 364 4009 ,ed
381 3966 571 4029 quamquam
590 3945 668 4010 satis
687 3944 749 4025 cis,
776 3946 831 4029 qui
848 3947 992 4025 aderant,
1015 3948 1057 4013 ad
1074 3947 1122 4026 id,
1146 3959 1233 4033 quod
1256 4032 1259 4037 Ι

206 4047 273 4101 erat
302 4038 513 4124 propositum,
549 4039 669 4105 dictum
699 4039 878 4121 videbatur,
915 4052 1022 4107 tamen
1052 4041 1255 4111 sentiebant.
