2536 5040
216 226 258 292 64
522 237 562 292 Μ.
583 236 721 295 TULLII
739 234 941 292 CICERONIS

214 384 309 447 quam
334 359 559 448 philosophum
585 360 720 438 malunt3
752 360 807 444 qui
833 359 927 425 simul
953 370 988 424 ut
1013 359 1188 448 increpuit,
1211 361 1219 379 ⁸

213 458 318 524 media
339 457 480 523 oratione
503 456 542 521 de
564 456 711 521 maximis
736 457 832 522 rebus
855 465 888 519 et
908 455 1108 542 gravissimis
1136 456 1209 545 disp

214 562 333 617 tantem
359 550 584 639 philosophum
610 572 720 615 omnes
742 549 900 615 unctionis
927 570 1024 615 causa
1044 549 1174 635 relinqu
1226 548 1229 553 ’

212 645 258 712 ita
274 645 469 712 levissimam
487 644 727 709 delectationem
744 643 967 729 gravissimae,
993 653 1029 708 ut
1045 643 1112 730 ipsi
1128 645 1236 727 ferunt,

173 769 201 810 er
214 739 342 807 utilitati
369 749 573 826 anteponunt.
617 738 717 804 otium
739 749 845 803 autem
862 739 947 823 quod
969 738 1048 803 dicis
1071 760 1164 821 esse,
1236 754 1239 761 '

213 835 345 913 sentior3
372 856 483 900 verum
500 832 557 899 otii
579 833 700 898 fructus
719 843 850 899 estnon
867 832 1026 898 contentio
1045 832 1161 912 animi,
1189 832 1241 903 sad·

177 928 380 997 6relaxatio:
408 950 504 1014 saepe
528 949 569 992 ex
595 948 706 993 socero
731 949 804 992 meo
831 926 950 1005 audivi,
977 948 1051 991 cum
1071 927 1102 992 is
1126 928 1238 997 dicere

212 1044 357 1089 socerum
380 1044 472 1087 suum
489 1020 639 1085 Laelium
666 1042 791 1107 semper
812 1020 879 1086 fere
902 1042 974 1085 cum
993 1018 1148 1108 Scipione
1172 1022 1246 1090 soli·-

212 1127 279 1182 tum
295 1115 440 1182 rusticari
457 1136 575 1199 eosque
592 1114 816 1181 incredibiliter
833 1136 1057 1201 repuerascere
1074 1136 1153 1183 esse
1171 1117 1240 1184 soli·

211 1222 276 1288 tos,
303 1231 376 1274 cum
401 1232 456 1273 rus
483 1230 524 1274 ex
545 1209 625 1275 urbe
652 1219 814 1293 tamquam
836 1230 853 1273 e
876 1207 989 1275 vinclis
1015 1209 1240 1277 evolavissent

209 1326 275 1370 non
293 1303 394 1369 audeo
422 1302 527 1368 dicere
549 1303 589 1369 de
616 1303 732 1368 talibus
759 1302 850 1381 viris,
878 1303 936 1368 sed
957 1313 1063 1368 tamen
1088 1303 1138 1371 ita
1165 1305 1245 1375 solut

210 1420 337 1463 narrare
357 1394 526 1476 Scaevola,
554 1395 698 1475 conchas,
715 1419 770 1462 eos
792 1407 825 1462 et
846 1395 1012 1462 umbilicos
1036 1396 1078 1462 ad
1096 1395 1247 1465 Caietam

211 1503 243 1556 et
266 1492 307 1557 ad
323 1493 523 1557 Laurentum
548 1490 655 1576 legere
682 1511 855 1556 consuesse
877 1502 909 1556 et
931 1491 973 1556 ad
994 1513 1125 1556 omnem
1148 1492 1243 1565 animi

169 1611 196 1650 aa
209 1586 430 1652 remissionem
456 1584 628 1667 ludumque
655 1583 858 1650 descendere.
907 1585 953 1649 sic
979 1584 1064 1651 enim
1088 1609 1145 1652 res
1175 1610 1249 1669 sese¹

209 1680 318 1757 habet,
341 1689 390 1756 ut,
410 1700 505 1761 quem
522 1677 711 1742 admodum
728 1677 865 1744 volucris
882 1678 1026 1744 videmus
1049 1678 1250 1767 procreatio]

209 1773 258 1838 nis
286 1782 380 1855 atque
406 1770 549 1836 utilitatis
583 1793 659 1837 suae
687 1793 784 1838 causa
810 1773 962 1859 effingere
989 1783 1022 1838 et
1049 1775 1246 1845 constituere

209 1867 316 1943 nidos,
349 1866 479 1933 easdem
505 1875 625 1944 autem,
657 1888 730 1932 cum
761 1866 879 1951 aliquid
905 1866 1081 1946 effecerint,
1113 1867 1243 1937 levandi

209 1960 326 2026 laboris
346 1960 396 2025 sui
413 1982 509 2026 causa
526 1962 647 2046 passim
665 1982 703 2027 ac
718 1960 817 2026 libere
840 1961 960 2028 solutas
983 1984 1079 2049 opere
1097 1963 1242 2045 volitare,

210 2057 257 2121 sic
277 2055 379 2121 nostri
400 2055 498 2120 animi
523 2056 659 2143 negotiis
686 2055 865 2122 forensibus
884 2066 979 2141 atque
1000 2058 1124 2123 urbano
1146 2081 1245 2146 opere¹

209 2150 329 2217 defessi
345 2150 486 2237 gestiant
502 2171 541 2215 ac
558 2150 690 2215 volitare
712 2148 841 2236 cupiant
857 2150 950 2215 vacui
972 2172 1048 2216 cura
1064 2171 1104 2216 ac
1121 2152 1241 2221 labore.

168 2274 195 2315 ar
207 2247 313 2331 itaque
330 2244 409 2309 illud
431 2268 506 2332 ego,
534 2245 621 2329 quod
641 2243 675 2308 in
692 2266 790 2310 causa
807 2243 949 2311 Curiana
968 2245 1147 2315 Scaevolae
1165 2248 1242 2327 dixi,

207 2364 272 2407 non
289 2340 356 2406 dixi
382 2361 475 2406 secus
498 2360 536 2405 ac
558 2339 743 2406 sentiebam:
772 2345 860 2405 ‘nam
889 2340 941 2418 si,’
968 2340 1099 2425 inquam
1127 2341 1243 2411 ‘Scae-

206 2435 293 2513 vola,
320 2434 444 2499 nullum
469 2433 529 2500 erit
554 2443 779 2500 testamentum
799 2444 885 2501 recte
907 2434 1041 2513 factum,
1068 2435 1132 2502 nisi
1156 2436 1243 2522 quod

207 2541 242 2594 tu
260 2528 440 2614 scripseris,
467 2549 578 2593 omnes
602 2528 644 2593 ad
665 2537 697 2592 te
715 2527 801 2594 cives
820 2549 893 2593 cum
921 2528 1035 2595 tabulis
1063 2529 1242 2612 veniemus,

207 2623 348 2689 omnium
374 2631 565 2687 testamenta
586 2631 622 2685 tu
648 2621 767 2687 scribes
793 2643 888 2688 unus.
932 2622 1009 2706 quid
1034 2623 1165 2709 igituri'
1194 2626 1242 2693 in-

206 2738 302 2798 quam
321 2714 463 2798 ‘quando
481 2736 558 2800 ages
575 2713 739 2800 negotium
760 2715 943 2800 publicum?
970 2718 1097 2800 quando
1120 2708 1263 2787 amico-³

204 2810 294 2873 rum?
308 2807 435 2892 quando
448 2810 556 2874 tuum?
568 2808 694 2891 quando
709 2808 846 2893 denique
858 2810 937 2875 nihil
951 2811 1060 2898 agesi'
1076 2823 1146 2877 tum
1159 2762 1263 2899 illud-i

206 2901 314 2966 addidi
341 2901 433 2966 ‘mihi
454 2901 539 2967 enim
559 2902 640 2968 liber
666 2925 738 2968 esse
760 2926 826 2969 non
851 2905 989 2985 videtur,
1016 2906 1071 2990 qui
1092 2929 1160 2973 uon
1183 2862 1263 2989 ali-,ii

206 2996 331 3080 quando
349 2996 429 3060 nibil
446 2996 532 3083 agit’
576 2996 610 3061 in
627 3019 691 3081 qua
715 3020 899 3084 permaneo,
923 2998 1052 3079 Catule,
1080 3003 1263 3089 sententis}

204 3112 332 3174 meque,
360 3111 432 3155 oum
455 3089 518 3155 huc
539 3090 626 3169 veni,
652 3088 714 3156 hoc
738 3090 844 3177 ipsum
865 3093 944 3158 nihil
972 3117 1067 3182 agere
1088 3105 1121 3162 et
1142 3094 1263 3184 plausi

165 3202 192 3243 25
206 3205 331 3251 cessare
349 3184 494 3251 delectat
539 3208 627 3263 nam,
651 3185 737 3270 quod
754 3186 904 3253 addidisti
924 3189 1063 3268 tertium,
1086 3212 1146 3255 vos
1164 3186 1263 3283 essai

205 3302 270 3358 eos,
289 3280 344 3365 qui
360 3280 459 3346 vitam
475 3279 642 3347 insuavem
660 3280 728 3346 sine
746 3280 796 3347 his
815 3283 927 3349 studiis
944 3284 1113 3371 putaretis,
1131 3284 1168 3350 id
1184 3285 1263 3361 matii

203 3396 268 3440 non
289 3373 384 3440 modo
406 3397 471 3441 non
492 3375 636 3441 hortatur
658 3375 699 3440 ad
718 3375 957 3463 disputandum,
987 3380 1044 3445 sed
1066 3378 1164 3445 etiam
1182 3370 1263 3449 de..·⁴·

204 3475 309 3531 terret.
345 3489 420 3532 nam
436 3478 472 3533 ut
491 3466 530 3534 O.
544 3469 690 3534 Lucilius
710 3467 820 3555 [homo
839 3473 950 3540 doctus
969 3484 1001 3538 et
1018 3472 1234 3565 perurbanus]

203 3557 308 3624 dicere
327 3558 450 3625 solebat
460 3557 523 3645 [aa
542 3583 623 3645 quae
638 3563 802 3650 scriberet]
821 3588 925 3649 neque
943 3589 978 3631 se
996 3568 1036 3632 ab
1053 3566 1236 3637 indoctissi-

202 3652 263 3718 mis
276 3674 380 3738 neque
394 3677 414 3718 a
423 3653 613 3721 doctissimis
626 3655 691 3743 legi
704 3656 799 3736 velle,
818 3660 904 3742 quod
917 3660 1007 3725 alteri
1019 3659 1097 3725 nihil
1110 3662 1235 3731 intelle·

202 3760 324 3834 gerent,
338 3747 429 3814 alteri
437 3749 509 3836 plus
524 3749 661 3815 fortasse
675 3751 861 3838 quamipse3
876 3754 915 3821 de
925 3776 987 3839 quo
997 3755 1092 3821 etiam
1107 3758 1235 3846 scripsit

203 3843 364 3910 ‘Persium
389 3866 454 3909 non
481 3865 556 3910 curo
586 3844 721 3931 legere,'
747 3880 793 3894 -
817 3846 870 3912 hio
894 3847 955 3914 fuit
981 3848 1079 3928 enim,
1106 3861 1143 3916 ut
1168 3876 1263 3937 non..

201 3936 400 4022 ignoramus,
430 3938 572 4005 omnium
597 3939 664 4006 fere
690 3951 871 4009 nostrorum
895 3941 1060 4010 hominum
1086 3945 1235 4013 doctissi-

202 4051 273 4097 mus
298 4068 344 4081 --
369 4033 532 4101 ‘Laelium
556 4034 739 4103 Decumum
764 4036 861 4117 volo,’
898 4061 992 4125 quem
1024 4040 1234 4128 cognovimus
