2536 5040
185 245 228 310 62
488 253 530 308 M.
551 251 686 309 TULLII
705 246 905 307 CICERONIS

184 390 221 445 ut
232 379 374 465 ipsorum
386 397 465 441 usus
479 375 610 453 ferebat,
629 372 818 439 amicissime
836 370 1105 436 consalutassent:
1126 369 1230 454 ‘quid

185 495 244 538 vos
275 470 436 537 tandeml'
468 467 607 534 Crassus
642 464 902 550 ‘numquidnam’
942 463 1046 548 inquit
1091 464 1222 531 ‘novil':

187 565 279 630 ‘nihil
305 563 410 643 sane,'
442 562 544 646 iuquit
571 559 705 627 Catulus
733 558 865 624 ‘etenim
875 539 980 627 ¹(vides
1008 579 1079 624 esse
1107 536 1229 647 ludos}

187 660 305 725 sed-
320 658 372 724 vel
390 667 425 722 tu
445 678 504 722 nos
522 656 647 741 ineptos
664 653 752 719 licet'
775 653 878 737 inquit
900 653 964 718 ‘vel
981 653 1137 719 molestos
1158 674 1217 739 pu-

187 763 297 819 tes-
318 773 391 817 cum
413 751 454 816 ad
480 771 532 815 me
553 749 588 813 in
605 748 824 812 Tusculanum
842 744 971 836 [inquit]
993 746 1063 812 heri
1088 746 1218 833 vesperi

186 846 327 913 venisset
344 841 465 910 Caesar
483 843 523 907 de
540 841 723 907 Tusculano
742 863 815 918 suo,
833 839 913 904 dixit
929 839 1007 904 mihi
1025 862 1045 904 a
1062 861 1098 904 se
1119 838 1238 906 Scae·

186 940 293 1005 volam
309 937 384 1003 hinc
401 948 528 1002 euntem
551 957 622 1001 esse
645 944 850 1012 conventum,
878 956 919 998 ex
936 954 999 1017 quo
1020 933 1104 999 mira
1122 955 1219 1018 quas-

188 1034 261 1097 dam
280 1055 315 1098 se
333 1031 460 1096 audisse
484 1029 623 1107 dicebat3
651 1039 696 1106 te,
725 1050 819 1112 quem
841 1050 901 1114 ego
923 1026 1039 1092 totiens
1062 1027 1153 1092 omni
1168 1050 1237 1093 ra·-

188 1126 274 1193 tione
300 1134 458 1210 temptans
481 1124 523 1187 ad
549 1121 775 1210 disputandum
801 1120 914 1187 elicere
940 1143 1004 1186 uon
1028 1120 1236 1207 potuissem,

187 1219 346 1306 permulta
361 1218 402 1283 de
424 1217 604 1302 eloquentia
626 1238 699 1281 cum
716 1215 859 1281 Antonio
881 1214 1069 1281 disseruisse
1086 1224 1122 1279 et
1138 1225 1222 1281 cam-

187 1334 283 1395 quam
299 1311 333 1375 in
351 1310 460 1378 schola
476 1333 576 1396 prope
594 1309 636 1374 ad
658 1308 854 1377 Graecorum
872 1308 1137 1373 consuetudinem
1154 1309 1221 1375 dis-

149 1435 175 1475 u
187 1417 331 1492 putasse:
349 1407 395 1471 ita
411 1429 463 1472 me
480 1406 577 1471 frater
590 1407 733 1472 exoravit
749 1427 790 1470 ne
806 1405 912 1491 ipsum
930 1404 1056 1489 quidem
1074 1427 1094 1470 a
1113 1404 1222 1471 studio
1242 1452 1246 1471 2

188 1501 336 1568 audiendi
362 1501 455 1566 nimis
482 1501 717 1578 abhorrentem,
751 1500 809 1564 sed
833 1499 1013 1566 mehercule
1043 1510 1221 1578 verentem,
1245 1584 1249 1591 Ι

186 1620 227 1662 ne
245 1596 372 1662 molesti
388 1595 479 1661 vobis
496 1594 773 1673 interveniremus,
800 1605 837 1659 ut
853 1594 916 1659 huc
934 1617 1042 1661 secum
1059 1595 1222 1673 venirem3
1233 1664 1251 1673 „

188 1689 305 1754 etenim
323 1687 511 1753 Scaevolam
533 1688 578 1752 ita
601 1687 704 1753 dicere
727 1689 844 1767 aiebat,
872 1690 988 1754 bonam
1009 1700 1136 1775 partem
1155 1710 1245 1755 ser·-

186 1783 290 1847 monis
312 1780 346 1845 in
371 1780 456 1846 hunc
482 1781 566 1847 diem
593 1804 664 1847 esse
691 1782 830 1848 dilatam.
874 1783 935 1848 hoc
957 1794 992 1847 tu
1016 1783 1044 1848 si
1071 1783 1253 1869 cupidius..

188 1876 308 1941 factum
325 1874 504 1954 existimas,
529 1873 664 1942 Caesari
682 1878 832 1943 attribues
838 1902 848 1956 ;
876 1878 904 1942 si
921 1877 1123 1955 familiarius,
1143 1877 1225 1943 utri·
1246 1962 1250 1967 Ι

188 1993 249 2054 que
274 1980 432 2049 nostrum3
458 1994 517 2037 uos
541 1971 683 2056 quidem,
710 1973 774 2037 nisi
795 1974 877 2038 forte
899 1973 1026 2038 molesti
1047 1973 1226 2038 interveni·
1248 2030 1251 2041 .

154 2059 275 2143 4mus,
303 2064 430 2130 venisse
458 2065 614 2131 delectat?
659 2077 726 2130 tum
750 2064 889 2132 Crassus
918 2067 1093 2151 ‘equidem,
1124 2088 1224 2151 quae-

149 2131 323 2243 15cumque
341 2181 399 2224 vos
418 2179 516 2225 causa
532 2159 595 2224 huc
613 2158 784 2237 attulisset,
807 2160 954 2238 laetarer,
974 2182 1046 2225 oum
1063 2161 1152 2246 apud
1168 2184 1224 2226 me
1247 2158 1250 2163 ’

189 2252 330 2317 viderem
356 2252 500 2318 homines
527 2252 606 2316 mihi
638 2252 818 2318 carissimos
846 2264 878 2319 et
903 2253 1112 2319 amicissimos
1119 2279 1129 2333 3
1163 2254 1253 2319 sed·

81 2370 84 2375 ’
188 2357 309 2425 tamen,
335 2369 410 2412 vere
428 2346 545 2426 dicam,
576 2347 707 2432 quaevis
727 2347 856 2412 mallem
877 2348 1004 2426 fuisset,
1033 2370 1130 2432 quam
1148 2349 1246 2427 ista,'

188 2462 283 2525 quam
305 2439 393 2506 diois.
438 2463 499 2528 ego
526 2442 624 2521 enim,
651 2452 700 2520 ut,
727 2464 822 2526 quem
849 2442 1045 2507 admodum
1073 2442 1223 2520 sentiam,

187 2534 312 2619 loquar,
338 2557 510 2619 numquam
527 2536 606 2600 mihi
622 2537 727 2602 miuus
745 2558 840 2621 quam
858 2536 1006 2602 hesterno
1025 2536 1076 2601 die
1093 2536 1224 2622 placui3
1258 2572 1265 2601 ·.

187 2628 290 2712 magis
314 2628 393 2693 adeo
414 2629 449 2691 id
470 2629 622 2694 facilitate
645 2652 740 2714 quam
763 2630 825 2693 alia
849 2629 915 2693 ulla
937 2629 1030 2715 culpa
1050 2652 1123 2694 mea
1146 2651 1226 2695 con·
1257 2606 1265 2663 '⁴

188 2718 274 2804 tigit,
298 2721 364 2803 qui,
384 2721 460 2784 dum
477 2720 637 2805 obsequor
653 2722 925 2800 adulescentibus,
948 2745 999 2787 me
1019 2745 1130 2787 senem
1149 2746 1227 2790 esse

188 2811 303 2876 oblitus
322 2835 394 2877 sum
411 2813 535 2897 fecique
553 2815 601 2894 id,
621 2816 707 2898 quod
723 2838 764 2881 ua
783 2817 970 2882 adulescens
988 2816 1116 2900 quidem
1135 2818 1227 2883 fece-

187 2927 270 2981 ram,
288 2916 325 2969 ut
341 2906 388 2970 eis
406 2907 569 2985 derebus,
590 2930 671 2993 quae
690 2909 833 2974 doctriua
850 2910 956 2994 aliqua
973 2910 1225 2990 continerentur,

189 2998 392 3085 disputarem.
438 3002 496 3067 sed
518 3003 580 3068 hoc
603 3014 710 3069 tamen
737 3005 849 3069 cecidit
870 3005 948 3069 mihi
973 3016 1225 3094 peropportune,

189 3094 274 3177 quod
291 3096 458 3161 transactis
475 3097 540 3161 iam
556 3098 637 3163 meis
663 3099 807 3184 partibus
827 3099 867 3164 ad
884 3099 1062 3164 Antonium
1090 3100 1229 3165 audien·
1263 3138 1265 3147 ·

149 3211 175 3250 1s
189 3189 265 3253 dum
290 3189 441 3255 venistis?
487 3201 556 3256 tum
584 3189 704 3258 Caesar
732 3192 918 3277 ‘equidem’
944 3193 1046 3276 iuquit
1073 3190 1225 3272 ‘Crasse

188 3283 234 3347 ita
251 3305 322 3348 sum
348 3284 481 3371 cupidus
503 3285 538 3351 in
553 3286 609 3351 illa
630 3287 772 3374 longiore
790 3298 821 3352 te
839 3308 877 3352 ac
897 3297 1052 3373 perpetua
1077 3286 1229 3372 disputa-
1262 3360 1265 3369 ¹

189 3376 274 3441 tione
292 3378 453 3457 audiendi,
480 3389 530 3459 ut,
558 3381 587 3445 si
603 3381 638 3445 id
653 3381 733 3446 mihi
753 3382 858 3447 miuus
882 3380 1057 3466 contingat,
1085 3380 1136 3444 vel
1161 3381 1229 3447 hoc

190 3469 250 3533 sim
277 3471 434 3536 cotidiano
461 3484 516 3538 tuo
548 3496 694 3540 sermone
725 3487 907 3553 contentum
937 3475 1044 3557 itaque
1075 3475 1228 3559 experiar

190 3562 336 3646 equidem
351 3560 457 3650 [illud]
472 3574 508 3628 ut
524 3589 564 3630 ne
581 3565 741 3653 Sulpicius
760 3568 923 3633 familiaris
941 3589 1031 3633 meus
1050 3577 1104 3630 aut
1122 3563 1228 3633 Cotta

188 3657 262 3742 plus
285 3679 379 3741 quam
402 3680 462 3744 ego
490 3660 576 3746 apud
593 3670 624 3725 te
642 3661 748 3726 valere
770 3663 950 3740 videantur,
979 3672 1010 3726 et
1027 3672 1059 3726 te
1080 3661 1227 3727 exorabo

189 3752 347 3837 profecto,
373 3764 409 3818 ut
430 3753 508 3818 mihi
534 3776 659 3840 quoque
682 3765 714 3820 et
737 3753 853 3822 Catulo
876 3768 948 3839 tuae
976 3753 1140 3821 suavitatis
1165 3755 1228 3820 ali-

191 3846 267 3930 quid
283 3847 459 3933 impertias;
489 3850 539 3914 sin
556 3851 614 3916 tibi
630 3852 664 3916 id
685 3851 789 3917 minus
810 3852 931 3930 licebit,
958 3874 1023 3916 non
1044 3861 1076 3915 te
1097 3851 1225 3936 urgebo

190 3962 293 4024 neque
312 3943 517 4022 committam,
534 3954 580 4023 ut,
599 3945 676 4010 dum
693 3967 822 4011 vereare
840 3955 874 4009 tu
892 3968 933 4010 ue
952 3943 995 4009 sis
1013 3944 1150 4029 ineptus,
1170 3967 1224 4009 me

151 4060 176 4101 u
191 4055 262 4099 esse
279 4034 421 4103 iudices!
458 4034 540 4124 [tum
558 4038 626 4127 ille]
647 4046 722 4127 ‘ego
738 4038 932 4107 mehercule’
960 4037 1062 4123 inquit
1080 4035 1225 4104 Crassus
