2536 5040
204 216 246 280 70
513 226 551 279 M.
571 224 706 281 TULLII
725 223 923 279 CICERONIS

201 350 379 438 praeceptis
405 348 622 414 instruendat'
651 347 792 411 ‘minime
818 347 922 425 vero,'
949 348 1052 432 inquit
1080 347 1223 431 Catulum

204 453 281 511 ‘non
304 445 389 510 enim
412 445 512 508 deerit
533 440 654 508 homini
679 442 796 506 diserto
813 441 848 505 in
866 442 933 507 eius
956 444 1043 509 modi
1068 445 1168 509 rebus
1185 444 1225 511 fs-

154 561 181 602 so
203 540 302 605 cultas
322 562 362 604 ex
379 538 491 603 ceteris
509 538 604 602 rebus
623 547 655 601 et
672 535 775 601 causis
794 536 994 622 comparata?
1031 544 1124 625 ‘ergo
1143 539 1224 604 item'

201 634 303 717 inquit
322 633 404 710 ‘illa,
431 653 512 715 quae
531 653 625 716 saepe
644 630 760 694 diserte
787 631 912 716 agenda
930 642 1004 696 sunt
1021 641 1053 696 et
1070 653 1157 716 quae
1175 656 1226 721 ego

201 728 298 815 paulo
330 738 419 804 ante,
453 748 525 789 cum
555 723 767 808 eloquentiam
792 725 969 803 laudarem,
1001 725 1068 789 dixi
1098 729 1227 795 oratoris

201 844 287 899 esse,
319 842 422 904 neque
440 819 558 883 habent
576 841 669 883 suum
685 818 790 882 locum
806 818 907 883 ullum
923 819 957 883 in
979 819 1137 886 divisione
1165 844 1227 909 par-

201 916 279 979 tium
297 937 400 999 neque
423 923 544 978 certum
569 922 809 999 praeceptorum
835 934 936 998 genus
955 924 988 978 et
1014 915 1144 1000 agenda
1163 926 1228 981 sunt

201 1030 266 1074 non
283 1008 388 1073 minus
408 1008 539 1084 diserte,
563 1028 659 1089 quam
676 1028 757 1090 quae
775 1006 809 1070 in
825 1004 880 1071 lite
899 1006 1058 1085 dicuntur,
1083 1008 1228 1096 obiurga-

202 1103 260 1180 tio,
284 1102 472 1178 cohortatio,
501 1101 689 1178 consolatio,
715 1123 849 1184 quorum
869 1101 948 1165 nihil
965 1112 1027 1180 est,
1054 1103 1144 1186 quod
1170 1127 1229 1170 non

204 1220 328 1262 summa
345 1197 470 1262 dicendi
493 1205 676 1261 ornamenta
694 1196 864 1273 dosideret3
894 1196 950 1261 sed
968 1219 1009 1261 ex
1027 1196 1163 1263 artificio
1180 1221 1227 1263 res

201 1293 281 1356 istae
306 1302 476 1378 praecepta
500 1314 565 1355 non
591 1290 765 1374 quaerunt?
819 1290 939 1377 ‘plane’
967 1291 1069 1374 inquit
1095 1289 1228 1357 Catulus

154 1409 180 1450 sr
203 1386 397 1452 ‘adsentior'
444 1391 518 1471 ‘age
536 1385 636 1461 vero‚’
663 1384 765 1467 inquit
781 1384 942 1450 Antonius
961 1385 1077 1467 ‘qualis
1096 1386 1229 1453 oratoris

202 1492 233 1546 et
255 1481 364 1564 quanti
390 1478 527 1546 hominis
545 1479 577 1542 in
600 1478 733 1542 dicendo
755 1489 849 1564 putas
872 1501 944 1543 esse
966 1478 1132 1543 historiam
1156 1481 1230 1547 scri-

199 1575 307 1640 berel'
328 1575 379 1652 ‘si,
397 1585 433 1638 ut
451 1572 566 1638 Graeci
585 1571 787 1657 scripserunt,
807 1572 941 1651 summi,’
960 1571 1061 1657 inquit
1079 1571 1228 1653 Catulum
1249 1582 1254 1641 '.

202 1669 257 1743 ‘si‚
285 1678 320 1731 ut
337 1667 452 1743 nostri,
479 1665 558 1728 nihil
576 1688 655 1750 opus
674 1677 723 1730 est
740 1676 879 1744 oratore3
908 1666 984 1731 satis
1002 1676 1053 1730 est
1073 1689 1141 1732 non
1160 1691 1227 1734 esse
1258 1729 1259 1740 ,

200 1759 406 1824 mendacem!
452 1757 566 1842 ‘atqui,
593 1781 633 1823 ne
654 1770 781 1825 nostros
805 1760 1013 1838 contemnas,'
1040 1760 1145 1844 inquit
1161 1763 1228 1827 An·

200 1855 304 1918 tonius
333 1852 465 1919 ‘Graeci
495 1875 620 1936 quoque
647 1853 710 1939 ipsi
737 1855 784 1920 sio
812 1854 901 1919 initio
933 1854 1164 1940 scriptitarunt,
1194 1868 1228 1921 ut

152 1970 179 2012 sa
201 1958 309 2012 noster
328 1946 424 2025 Cato,
447 1959 483 2012 ut
498 1948 621 2026 Pictor,
645 1960 680 2013 ut
696 1949 789 2027 Piso;
813 1959 881 2014 erat
900 1950 984 2015 enim
1001 1949 1135 2015 historia
1152 1951 1228 2017 nihil

201 2042 286 2106 aliud
303 2042 365 2106 nisi
382 2043 542 2107 annalium
560 2042 729 2120 confectio,
749 2043 837 2108 cuius
855 2043 902 2108 rei
919 2043 1154 2128 memoriaeque
1170 2069 1228 2134 pu-

199 2136 301 2201 blicae
319 2137 501 2202 retinendae
524 2160 621 2202 eausa
639 2139 679 2202 ab
702 2137 791 2202 initio
816 2160 923 2203 rerum
939 2139 1158 2206 Romanarum
1176 2164 1228 2207 us-

198 2252 260 2314 que
279 2231 320 2294 ad
336 2231 375 2295 P.
394 2231 540 2298 Mucium
565 2231 746 2316 pontificem
767 2231 941 2297 maximum
962 2256 1014 2298 res
1036 2234 1141 2299 omnis
1166 2235 1228 2301 sin-
1260 2281 1262 2292 ·

199 2324 346 2410 gulorum
373 2348 527 2390 annorum
558 2325 730 2389 mandabat
753 2325 866 2391 litteris
898 2327 1043 2412 pontifex
1067 2329 1252 2397 maximus.

197 2417 417 2501 referebatque
435 2418 469 2482 in
487 2419 594 2483 album
612 2429 645 2483 et
665 2421 862 2504 proponebat
884 2420 1025 2485 tabulam
1043 2421 1142 2500 domi,
1172 2446 1228 2510 po-

199 2521 297 2576 testas
318 2523 354 2575 ut
377 2522 462 2576 esset
486 2512 604 2598 populo
623 2514 848 2599 cognoscendi,
878 2512 936 2600 [ei]
956 2515 1011 2597 qui
1028 2515 1124 2579 etiam
1142 2540 1227 2583 nunc
1258 2580 1266 2601 ,

151 2626 177 2666 ss
200 2605 329 2670 annales
360 2605 490 2669 maximi
521 2607 736 2672 nominantur:
767 2607 850 2671 hanc
882 2608 1118 2674 similitudinem
1151 2611 1228 2677 scri-

198 2699 295 2762 bendi
312 2699 403 2762 multi
421 2698 521 2763 secuti
540 2710 627 2776 sunt,
655 2701 709 2783 qui
728 2701 795 2765 sine
813 2701 885 2767 ullis
904 2704 1096 2768 ornamentis
1114 2728 1228 2771 monu·
1264 2770 1266 2777 .

197 2799 305 2854 menta
323 2791 425 2855 solum
443 2802 633 2877 temporum,
652 2793 824 2873 hominum,
842 2796 984 2863 locorum
1001 2807 1226 2884 gestarumque
1264 2821 1266 2827 ’

196 2905 302 2948 rerum
322 2885 530 2968 reliquerunt3
557 2887 663 2970 itaque
681 2889 782 2973 qualis
802 2891 887 2975 apud
905 2889 1047 2957 Graecos
1066 2891 1227 2979 Pherecy-

197 2977 270 3054 des,
301 2979 504 3058 Hellanicus,
540 2982 691 3048 Acusilas
723 2984 785 3048 fuit
814 2984 928 3069 aliique
959 2986 1120 3071 permulti,
1154 2987 1226 3053 talis

196 3081 305 3137 noster
324 3071 407 3140 Cato
425 3085 458 3140 et
473 3075 582 3141 Pictor
600 3087 632 3140 et
648 3077 740 3156 Piso,
768 3078 823 3163 qui
843 3101 947 3163 neque
964 3091 1086 3158 tenent,
1109 3080 1226 3165 quibus

195 3167 291 3231 rebus
310 3179 438 3233 ornetur
455 3171 554 3235 oratio
572 3206 616 3218 --
632 3173 727 3237 modo
750 3173 834 3237 enim
852 3173 915 3237 huc
935 3173 998 3239 ista
1016 3185 1090 3238 sunt
1106 3175 1227 3262 impor-

197 3269 262 3325 tata
278 3297 323 3309 -
339 3273 385 3341 et,
414 3264 489 3328 dum
510 3265 713 3352 intellegatur
734 3267 812 3351 quid
838 3268 957 3346 dicant,
983 3290 1081 3333 unam
1098 3269 1227 3335 dicendi

147 3375 175 3446 ss
196 3353 322 3419 laudem
338 3368 452 3442 putant
469 3382 539 3424 esse
557 3360 754 3426 brevitatem.
798 3363 929 3448 paulum
948 3385 982 3428 se
1001 3363 1101 3428 erexit
1118 3373 1151 3427 et
1170 3365 1227 3429 ad·

197 3446 276 3509 didit
288 3450 439 3516 maiorem
452 3452 602 3518 historiae
621 3477 735 3519 sonum
750 3453 866 3542 [vocis]
882 3457 930 3521 vir
944 3456 1091 3542 optimus,
1112 3454 1227 3525 Crassi

196 3539 374 3620 familiaris,
397 3545 582 3631 Antipater3
611 3549 706 3613 ceteri
723 3572 788 3614 non
805 3561 1008 3615 exornatores
1025 3573 1145 3628 rerum,
1167 3552 1226 3617 sed

144 3644 178 3700 13
196 3636 412 3700 tantummodo
438 3649 616 3706 narratores
644 3624 933 3743 fuerunt.’)(‘est,'
960 3642 1062 3725 inquit
1085 3641 1223 3711 Catulus

196 3733 245 3793 ‘ut
263 3727 355 3807 dicis3
383 3731 441 3795 sed
457 3731 517 3798 iste
535 3732 604 3819 ipse
623 3734 752 3802 Caelius
770 3740 873 3819 neqhe
897 3735 1041 3800 distinxit
1057 3736 1225 3805 historiam

194 3821 345 3888 varietate
365 3825 505 3891 colorum
522 3851 624 3912 neque
647 3832 815 3895 verborum
837 3830 1052 3915 conlocatione
1070 3842 1102 3897 et
1118 3843 1224 3899 tractu

194 3916 344 3983 orationis
370 3920 435 3984 leni
457 3931 489 3985 et
511 3923 667 4006 aequabili
693 3923 862 4010 perpolivit
883 3924 961 3989 illud
978 3927 1078 4011 ¹opus;
1106 3927 1163 3990 sed
1185 3939 1223 3992 ut

193 4007 412 4096 humaneque
439 4015 551 4082 doctus
573 4039 675 4101 neque
700 4018 837 4083 maxime
860 4029 952 4104 aptus
977 4020 1221 4102 addicendum,
