2498 5310
148 605 209 671 124
450 614 490 669 M.
509 613 645 671 TULLII
664 608 868 668 CICERONIS

145 743 190 808 ris
208 742 307 818 illius,
335 740 389 824 qui
405 739 439 803 in
457 748 582 814 senatu,
610 757 682 800 cum
704 745 853 822 ageretur
871 735 915 799 de
939 735 1024 822 agris
1042 756 1066 822 pt

148 847 180 901 et
197 836 238 902 de
263 835 335 922 lege
352 832 473 899 Thoria
495 843 527 897 et
552 840 747 918 premeretur
763 828 916 894 Lucilius
940 829 1056 909 abeis,

146 951 261 1017 pecore
289 928 357 994 eius
384 926 513 1015 depasci
540 947 634 1011 agros
652 923 796 1011 publicos
824 923 987 1003 dicerent,
1013 930 1066 991 ‘nu

146 1024 249 1110 inquit
275 1022 407 1088 ‘Lucilii
427 1042 525 1108 pecus
551 1018 643 1096 illud3
671 1017 811 1096 erratis3’
829 1054 874 1066 —
893 1018 1059 1085 defendere

146 1120 225 1184 lium
251 1117 416 1182 videbatur
441 1152 485 1163 —
511 1120 586 1201 ‘ego
617 1113 752 1178 liberum
777 1122 856 1199 puto
883 1135 974 1179 esse:
1006 1135 1062 1197 qua

92 1241 131 1283 ass
149 1212 309 1303 pascitur!
352 1213 457 1300 placet
482 1210 577 1275 etiam
602 1209 682 1274 mihi
707 1208 785 1274 illud
808 1206 976 1294 Scipionis
1001 1209 1066 1274 illia

148 1309 200 1375 Ti.
220 1306 401 1374 Gracchum
426 1305 574 1393 perculit:
602 1326 675 1369 cum
697 1304 727 1369 ei
742 1303 792 1369 M.
808 1304 952 1370 Flaccus
978 1304 1066 1369 multi

147 1403 213 1470 bris
232 1402 363 1469 obiectis
385 1402 424 1466 P.
442 1400 588 1465 Mucium
605 1399 742 1464 iudicem
759 1399 899 1478 tulisset3
931 1399 1053 1477 ‘eier0',

150 1498 289 1582 ‘iniquus
308 1496 386 1574 est3’
406 1517 479 1560 cum
496 1505 582 1560 esset
599 1495 883 1571 admurmuratum,
904 1493 990 1573 ‘sh,'
1007 1495 1066 1579 inqr

150 1593 205 1671 0.,
228 1615 292 1658 non
310 1614 370 1679 ego
388 1591 466 1656 mihi
482 1590 572 1656 illum
588 1590 732 1674 iniquum
753 1588 852 1666 ciero,
879 1611 998 1655 verum
1013 1613 1066 1656 om

149 1688 268 1753 abhoc
289 1709 366 1753 vero
385 1685 505 1754 Crasso
531 1685 611 1750 nihil
636 1684 786 1750 facetius:
813 1705 887 1748 eum
913 1684 1060 1751 laesisset

149 1781 236 1850 Silus
254 1782 420 1861 Pisonem,
439 1781 524 1866 quod
542 1804 576 1846 se
593 1780 627 1844 in
645 1801 718 1845 eum
736 1777 863 1844 audisse
882 1779 1034 1858 dixisset,
1057 1784 1066 1817 ‘

148 1877 241 1957 fieri,’
268 1877 371 1962 inquit
388 1875 487 1952 ‘Sile,
513 1887 550 1941 ut
565 1875 608 1952 is,
634 1873 719 1938 unde
747 1884 780 1938 te
799 1872 929 1938 audisse
959 1874 1051 1952 dicis,

150 1972 283 2037 dixerit?
328 1970 438 2035 adnuit
456 1967 553 2034 Silus.
598 1974 720 2053 ‘potest
746 1967 854 2045 etiem,
881 1977 919 2032 ut
948 1979 985 2032 tu
1010 1991 1066 2034 non

147 2063 360 2129 intellexeris?
404 2062 438 2126 id
455 2083 579 2145 quoque
597 2072 663 2127 toto
682 2061 785 2148 capite
802 2060 927 2140 adnuit,
952 2073 991 2126 ut
1007 2085 1041 2127 se
1056 2059 1066 2125 (

148 2156 246 2221 daret.
291 2161 411 2241 ‘potest
437 2155 532 2220 etiam
549 2155 641 2234 fieri,'
668 2155 770 2240 inquit
796 2160 846 2220 ‘ut
863 2156 1012 2234 omnino,
1040 2178 1066 2240 qr

148 2248 276 2314 audisse
303 2248 397 2328 dicis,
424 2272 598 2334 numquam
623 2250 780 2315 audieris!
825 2249 886 2314 hoc
911 2249 961 2315 ita
982 2260 1066 2336 praet

149 2345 375 2430 spectationem
398 2345 526 2423 accidit,
552 2356 588 2410 ut
610 2355 723 2410 testem
749 2343 891 2410 omnium
912 2343 1000 2410 risus
1023 2344 1066 2410 ob

149 2436 243 2504 huius
261 2438 387 2526 generis
406 2451 456 2505 est
481 2439 594 2526 plenus
610 2439 749 2517 Novius,
776 2449 809 2503 et
832 2438 922 2504 iocus
942 2450 995 2504 est
1014 2438 1066 2504 fan

97 2526 293 2620 71‘sapiens
321 2533 349 2598 si
375 2533 513 2621 algebis,
543 2532 673 2598 tremes’
705 2543 738 2598 et
768 2531 830 2597 alia
860 2508 1066 2640 permulta&

93 2599 132 2640 ²⁸⁶
148 2627 243 2693 etiam
261 2627 362 2694 facete
381 2627 537 2693 concedas
556 2626 735 2692 adversario
753 2626 788 2690 id
803 2624 923 2712 ipsum,
942 2626 1030 2711 quod
1049 2636 1066 2691 t

149 2722 299 2802 detrahit3
321 2733 357 2787 ut
376 2721 414 2788 O.
433 2721 581 2800 Laelius,
599 2721 720 2786 cumei
738 2721 866 2804 quidam
881 2721 970 2786 malo
988 2742 1066 2808 gene

149 2829 200 2882 tus
218 2816 352 2896 diceret,
378 2816 545 2903 indignum
563 2839 635 2882 esse
653 2815 719 2881 suis
745 2815 932 2892 maioribus,
962 2821 1011 2880 ‘at
1033 2814 1066 2878 lre

147 2911 251 2995 inquit
268 2917 318 2977 ‘tu
335 2910 397 2975 tuis
416 2909 553 2998 dignus!
598 2931 694 2996 saepe
712 2908 807 2974 etiarn
834 2906 1066 2974 sententioseri

149 3005 309 3083 dicuntur,
326 3015 364 3068 ut
379 3003 428 3069 M.
448 3003 594 3083 Cincius,
617 3026 680 3088 quo
699 3003 749 3068 die
767 3004 871 3088 legem
889 3002 929 3067 de
948 3002 1066 3069 donise

148 3098 276 3162 neribus
295 3097 379 3174 tulit,
407 3119 480 3161 cum
499 3097 537 3162 O.
558 3096 662 3164 Cento
683 3097 843 3182 prodisset
864 3106 897 3161 et
915 3096 993 3162 satis
1016 3118 1066 3161 con

147 3190 227 3255 liose
245 3190 336 3273 ‘quid
352 3191 432 3267 fers,
461 3189 635 3257 Cinciolei'
664 3192 856 3275 quaesisset,
876 3197 927 3256 ‘ut
944 3190 1053 3270 emas,'

91 3305 129 3346 au
150 3281 242 3361 ‘Gai,
270 3284 297 3348 si
322 3284 370 3349 uti
395 3284 496 3350 velis!
541 3308 636 3371 saepe
663 3285 759 3350 etiam
785 3286 883 3364 salse,
910 3307 993 3369 quae
1018 3285 1066 3350 fier

148 3388 293 3464 possunt,
312 3388 474 3464 optantur3
491 3389 528 3443 ut
543 3378 591 3443 M.
606 3378 762 3465 Lepidus,
781 3402 863 3456 cum,
882 3380 995 3445 ceteris
1013 3379 1045 3443 in
1059 3398 1066 3441 (

149 3472 383 3552 exercentibus,
418 3472 452 3537 in
482 3473 582 3538 herba
611 3473 680 3560 ipse
710 3473 922 3552 recubuisset,
957 3473 1066 3540 ‘vellen

149 3568 258 3648 esset,’
284 3567 387 3653 inquit
404 3568 581 3635 ‘laborare’
627 3568 746 3635 salsum
764 3579 814 3634 est
831 3569 927 3633 etiam
953 3589 1066 3652 quaere

148 3674 181 3728 et
207 3663 299 3747 quasi
323 3663 581 3751 percontantibus
609 3662 696 3729 lente
722 3662 914 3749 respondere
945 3662 1033 3745 quod
1059 3684 1066 3726 r

147 3766 184 3820 ut
210 3777 322 3823 censor
347 3756 508 3843 Lepidus,
536 3779 609 3822 cum
634 3756 683 3823 M.
710 3755 852 3822 Antistio
872 3754 1035 3842 Pyrgensi
1059 3778 1066 3819 (

148 3847 320 3914 ademisset
349 3851 504 3934 amicique
536 3872 609 3915 cum
638 3851 885 3916 vociferarentur
916 3860 948 3914 et
980 3871 1066 3934 quaer

148 3938 225 4024 quid
240 3940 294 4005 ille
310 3942 393 4026 patri
411 3965 469 4008 suo
482 3943 697 4029 responderet,
716 3965 771 4007 cur
785 3943 968 4028 ademptum
983 3945 1045 4010 sibi
1061 3970 1066 4006 (

148 4032 280 4109 diceret,
307 4054 380 4097 cum
397 4035 535 4120 optimus
558 4035 703 4111 colonus,
731 4034 950 4120 parcissimus,
978 4039 1066 4105 mod<

147 4149 233 4204 mus,
252 4125 485 4212 frugalissimus
504 4136 603 4204 esset,
622 4132 687 4191 ‘me
704 4127 850 4193 istorum'
878 4129 980 4215 inquit
998 4133 1066 4196 ‘nih

91 4241 131 4283 ass
148 4219 243 4287 dere!
288 4219 488 4305 conligrmtur
506 4243 525 4285 a
543 4217 675 4287 Graecis
695 4222 757 4288 alia
773 4246 837 4289 non
854 4225 956 4303 nulla,
983 4248 1066 4293 exse·

148 4336 220 4391 nes,
240 4313 477 4391 admirationes,
504 4313 706 4396 minutiones,
726 4318 783 4383 sed
800 4317 880 4384 haec
896 4320 967 4406 ipsa
984 4321 1065 4386 nimi

148 4406 257 4473 videor
273 4409 307 4474 in
324 4407 423 4473 multa
440 4431 558 4495 genera
575 4409 788 4499 discripsisse3
806 4436 880 4479 nam
897 4413 965 4493 illa,
984 4436 1066 4498 quae
