2536 5040
63 182 66 187 ,
347 108 399 162 nu
418 106 600 163 carrona
619 111 655 163 11.
675 111 828 165 rso-raa.
1053 100 1096 164 95

11 272 30 310 :·
92 233 219 318 iogene
239 230 364 295 venisse
379 253 615 309 commemoras,
634 243 709 317 puto
728 233 799 317 plus
818 233 891 297 huic
904 246 1012 298 nostro
1032 247 1061 299 st
1083 276 1097 287 -

55 322 114 392 dio
144 325 303 411 prodesse
328 327 484 410 potuisse3
513 336 579 389 erat
606 327 689 388 enim
717 328 756 389 ab
783 327 844 390 isto
862 327 1050 406 Aristotele,
1079 354 1098 392 a

10 421 158 497 -s'fcuius
178 419 316 482 inventis
336 419 392 482 tibi
411 443 470 504 ego
489 421 597 483 videor
615 443 678 483 non
695 420 789 505 longe
809 421 962 485 aberrare.
1003 434 1097 505 atque

10 492 148 596 {inter
167 513 255 577 hune
274 509 525 599 [Aristotelem],
554 513 642 577 cuius
662 525 693 577 ct
711 515 799 577 illum
822 515 884 599 legi
908 516 1036 592 librum,
1064 516 1097 580 iu

10 597 129 700 {ique
151 607 300 692 exposuit
318 607 443 670 dicendi
466 608 541 671 artis
564 608 704 673 omnium
728 608 938 692 superiorum,
965 621 997 673 et
1014 609 1096 686 illos,

10 696 95 783 ,gin
121 700 240 784 quibus
263 700 332 785 ipse
360 725 418 765 sua
440 703 594 785 quaedam
620 699 673 786 [de
701 703 812 766 eadem
839 702 919 788 arte]
946 703 1038 780 dixit,
1066 717 1097 768 et

10 790 128 887 {hos
148 816 317 881 germanos
343 794 436 858 huius
455 796 530 860 artis
558 797 726 881 magistros
754 797 814 861 hoc
831 797 910 859 mihi
927 797 1031 861 visum
1048 809 1097 862 θεῖ

15 894 39 981 ξ
49 887 240 967 interesse,
266 890 352 972 quod
368 890 420 955 ille
444 892 554 955 eadem
577 891 644 956 acie
665 892 795 968 mentis,
823 913 885 974 qua
907 914 1012 955 rerum
1030 915 1098 956 om-

50 985 159 1049 nium
190 982 255 1047 vim
283 994 490 1068 naturamque
521 984 656 1062 viderat,
692 986 771 1049 haec
806 1007 931 1068 quoque
963 986 1096 1071 aspexit,

43 1098 152 1163 ¹quae
171 1078 214 1141 ad
232 1076 357 1141 dicendi
375 1089 488 1155 artem,
507 1100 603 1161 quam
623 1077 703 1164 [ille]
725 1080 932 1165 despiciebat,
959 1081 1097 1166 pertine-

29 1169 161 1251 ,bant3
188 1170 235 1235 illi
252 1182 371 1249 autem,
390 1172 445 1255 qui
464 1172 523 1236 hoc
542 1173 645 1236 solum
663 1172 830 1236 colendum
848 1176 1017 1251 ducebant,
1041 1175 1097 1238 ha-

10 1193 211 1352 ljbitarunt
234 1265 268 1330 in
292 1265 354 1329 hac
379 1287 444 1328 una
468 1264 589 1329 ratione
613 1264 776 1328 tractanda
800 1289 865 1329 non
886 1268 997 1330 eadem
1023 1290 1098 1351 pru-

21 1433 36 1447 ,
53 1357 194 1436 dentis,
220 1380 283 1445 qua
304 1358 371 1437 ille,
401 1360 458 1423 sed
479 1382 540 1423 usu
562 1358 596 1422 in
617 1358 679 1423 hoc
700 1381 764 1422 uno
787 1381 902 1442 genere
930 1360 1096 1442 studioque

19 1460 30 1478 ·’
53 1453 199 1519 maiore.
250 1451 408 1519 Carneadi
434 1476 510 1518 vero
537 1453 586 1517 vis
614 1451 805 1517 incredibilis
832 1452 887 1516 illa
913 1453 1037 1517 dicendi
1065 1463 1152 1517 et1er

56 1546 207 1613 varietas
228 1569 382 1632 perquam
404 1558 490 1612 esset
515 1546 656 1633 optanda
676 1544 783 1623 nobis,
810 1545 865 1628 qui
885 1545 1005 1610 nullam
1027 1569 1097 1610 um-

10 1650 18 1734 ζ
57 1662 167 1727 quam
187 1641 221 1704 in
245 1640 308 1706 illis
336 1641 401 1706 suis
429 1639 696 1727 disputationibus
723 1662 791 1704 rem
818 1639 972 1717 defendit,
1000 1661 1097 1723 quam

56 1758 134 1801 non
158 1734 315 1820 probarit,
341 1735 461 1799 nullam
487 1733 699 1820 oppugnavit,
728 1754 825 1816 quam
851 1757 916 1798 non
938 1734 1094 1798 everterit.

10 1831 18 1900 Ξ
61 1827 128 1893 sed
146 1827 209 1892 hoe
225 1826 327 1891 maius
346 1837 396 1891 est
412 1827 577 1910 quiddam,
604 1849 700 1911 quam
718 1827 759 1890 ab
777 1825 837 1902 eis,
864 1827 920 1909 qui
937 1826 1015 1891 haec
1033 1839 1096 1891 tra-

10 1899 30 1971 l'
62 1920 152 1987 dunt
170 1929 203 1984 et
229 1920 357 1996 docent,
382 1919 608 2004 postulandum
626 1916 781 2077 sitlego
805 1929 923 1997 autem,
952 1921 980 1983 si
1001 1942 1095 2003 quem
1113 1912 1152 2009 32

10 1973 27 2156 ξ
60 2034 158 2081 nune
174 2011 286 2075 rudem
302 2011 396 2098 plane
413 2012 535 2078 institui
553 2015 594 2079 ad
611 2015 680 2079 dice
704 1990 780 2077 dum
797 2012 901 2089 velim,
920 2013 970 2076 his
988 2011 1094 2098 potius
1114 1985 1152 2023 ω’

10 2157 29 2226 ι-
61 2106 196 2174 tradam
214 2104 355 2171 adsiduis
364 2130 427 2172 uno
441 2131 537 2194 opere
552 2109 686 2174 eandem
698 2107 845 2171 incudem
860 2106 943 2170 diem
956 2117 1097 2170 noctem-

10 2229 17 2282 ρ
62 2222 132 2287 que
151 2199 370 2279 tundentibus,
397 2201 452 2285 qui
468 2201 571 2268 omnis
589 2202 791 2266 tenuissimas
813 2200 983 2286 particulas
1002 2210 1096 2283 atque

10 2295 26 2375 ζ
63 2293 178 2360 omnia
193 2293 324 2359 minima
344 2316 458 2361 mansa
474 2307 510 2360 ut
526 2296 665 2361 nutrices
688 2294 861 2359 infantibus
883 2294 990 2380 pueris
1008 2293 1042 2357 in
1060 2317 1096 2359 os

10 2402 14 2417 '
62 2388 224 2465 inserant3
253 2387 301 2452 sin
320 2388 362 2453 sit
377 2389 421 2467 is,
448 2388 553 2474 quiet
576 2389 719 2455 doctrina
743 2387 914 2453 liberaliter
934 2386 1096 2451 institutus

64 2492 103 2546 θῖ
129 2480 234 2563 aliquo
260 2481 325 2547 iam
349 2483 489 2549 imbutus
516 2507 578 2549 usu
604 2494 637 2549 et
668 2483 745 2548 satis
773 2483 837 2547 acri
866 2481 994 2568 ingenio
1025 2504 1097 2546 esse

63 2574 224 2652 videatur,
242 2575 317 2640 illuc
330 2598 403 2641 eum
420 2577 553 2664 rapiam,
570 2578 627 2642 ubi
643 2601 708 2643 non
723 2577 847 2642 seclusa
862 2576 968 2660 aliqua
982 2575 1098 2660 aquula

63 2678 228 2746 teneatur,
256 2670 314 2734 sed
335 2670 419 2735 unde
441 2671 625 2738 universum
647 2672 766 2736 flumen
791 2681 948 2758 erumpat3
975 2670 1030 2753 qui
1051 2669 1097 2733 illi

65 2761 156 2827 sedis
174 2773 206 2827 et
223 2763 315 2847 quasi
332 2764 492 2830 domicilia
506 2766 646 2830 omnium
661 2777 917 2851 argumentorum
936 2786 1097 2829 common-

66 2864 151 2923 stret
176 2867 208 2922 et
233 2880 272 2923 ea
297 2858 436 2924 breviter
460 2859 608 2926 inlustret
637 2860 805 2943 verbisque
837 2859 975 2924 definiat.
1020 2857 1097 2940 quid
1115 2877 1153 2918 rsa

65 2948 156 3015 enim
174 2960 236 3028 θεῖ,
254 2952 368 3035 inquo
387 2953 529 3032 haereat,
569 2953 603 3016 ui
620 2953 735 3017 viderit
752 2974 860 3027 omne,
888 2951 974 3033 quod
992 2971 1098 3011 suma

63 3048 120 3101 tur
137 3033 172 3099 in
188 3036 329 3101 oratione
345 2975 797 3124 probandnmlrefellendum]
813 3044 867 3097 aut
884 3056 925 3097 ex
943 3054 1001 3095 sua
1015 3031 1098 3094 sumi

65 3131 101 3195 vi
120 3139 216 3210 atque
232 3140 346 3192 natura
363 3139 419 3193 aut
435 3130 559 3193 adsumi
576 3127 673 3192 foris?
691 3149 730 3190 ex
749 3148 807 3189 sua
824 3125 865 3200 vi,
885 3144 957 3186 cum
975 3132 1096 3186 autres

65 3242 153 3308 qnae
181 3219 223 3285 sit
248 3219 515 3303 tota-quaeritur,
548 3229 602 3284 aut
626 3242 702 3305 pars
729 3217 797 3282 eius
824 3226 879 3281 aut
909 3214 1098 3280 vocabulum

66 3317 156 3403 quod
173 3314 291 3380 habeat
307 3324 362 3379 aut
379 3312 555 3400 quippiam,
577 3336 645 3378 rem
661 3312 749 3377 illam
766 3310 851 3396 quod
869 3309 1002 3395 attingat
1007 3335 1016 3388 3
1043 3331 1098 3373 ex-

67 3410 225 3477 trinsecus
244 3420 359 3487 autem,
378 3430 451 3473 cum
469 3431 516 3486 ea,
535 3430 616 3493 quae
634 3418 708 3472 sunt
721 3406 799 3472 foris
814 3427 916 3489 neque
933 3403 1098 3469 inhaerent

67 3502 104 3569 in
120 3503 168 3569 rei
184 3515 309 3582 natura,
337 3502 546 3590 conliguntur.
592 3501 688 3567 sires
706 3510 774 3566 tota
791 3499 963 3584 quaeritur,
987 3497 1097 3562 defini·
1115 3521 1154 3561 ra

68 3597 156 3664 tione
172 3598 322 3663 universa
343 3597 530 3685 explicanda
551 3607 616 3675 est,
644 3596 704 3662 sic:
732 3594 774 3659 ‘si
790 3594 941 3657 maiestas
964 3601 1014 3656 est
1031 3612 1097 3652 am-

68 3690 192 3781 plitudo
210 3714 248 3757 ac
265 3691 402 3779 dignitas
430 3690 580 3768 civitatis,
606 3689 635 3754 is
653 3712 725 3754 eam
746 3687 873 3764 minuit,
901 3685 956 3768 qui
978 3681 1096 3747 exerci-

69 3798 139 3854 tum
156 3786 300 3851 hostibus
317 3786 427 3873 populi
442 3784 582 3851 Romani
599 3782 741 3860 tradidit,
768 3804 833 3847 non
852 3780 907 3863 qui
928 3801 1015 3855 eum,
1042 3777 1096 3860 qui

69 3880 106 3947 id
130 3879 273 3958 fecisset,
298 3879 407 3967 populi
422 3878 561 3946 Romani
581 3876 732 3964 potestati
749 3872 896 3941 radidit!
941 3872 990 3937 sin
1011 3894 1096 3958 pars,
1115 3896 1152 3938 rea

20 304 30 313 η.

14 369 33 389 ιζ-

14 398 34 409 t-
