2498 5310
186 601 247 666 176
489 614 529 667 M.
548 610 683 667 TULLII
702 608 906 667 CICERONIS

184 759 279 823 saepe
296 734 445 823 posuisti,
463 745 580 800 utnon
597 756 729 799 neeesse
747 735 789 798 sit
806 755 997 799 consumere
1016 740 1109 797 aetate

184 852 245 914 que
271 840 307 895 ut
332 828 435 915 possit
459 828 488 893 is
514 829 570 893 illa
596 828 702 894 omnia
734 848 877 906 cernere,
910 826 968 911 qui
997 836 1109 891 tantum

182 925 355 1012 aspexerit3
384 924 442 990 sed
459 924 584 990 etiamsi
601 933 651 989 est
677 922 846 1006 aliquando
875 921 1014 1008 spissius
1037 930 1109 987 eutr

183 1043 253 1087 sum
279 1019 411 1097 tardior,
436 1018 579 1106 profecto
605 1040 779 1102 numquam
796 1017 1023 1101 conquiescam
1040 1036 1109 1101 nequ

182 1114 340 1201 fatigabor
367 1124 454 1191 ante,
481 1134 577 1198 quam
603 1111 730 1178 illorum
748 1111 892 1199 ancipitis
920 1110 990 1175 vias
1013 1109 1109 1175 ration

183 1220 216 1275 et
235 1231 294 1295 pro
320 1208 468 1273 omnibus
491 1218 524 1272 et
549 1217 659 1273 contra
684 1206 791 1272 omnia
816 1204 1002 1292 disputandi
1022 1224 1109 1291 perce

128 1327 166 1368 us
183 1314 251 1368 tum
268 1300 390 1367 Caesar
416 1301 542 1366 ‘unum’
560 1299 662 1385 inquit
679 1307 743 1367 ‘me
761 1322 802 1365 ex
820 1310 874 1366 tuo
900 1321 1049 1365 sermone
1065 1320 1109 1362 ms

183 1394 320 1473 Crasse,
338 1395 521 1472 commovit,
546 1395 632 1479 quod
650 1416 723 1458 eum
739 1393 879 1480 negasti,
902 1393 1042 1477 quinon
1059 1391 1109 1457 cita

182 1489 358 1567 didicisset,
384 1509 558 1572 numquam
584 1487 712 1554 omnino
738 1510 835 1573 posse
852 1485 1050 1573 perdiscere3
1074 1496 1105 1550 ut

184 1606 250 1648 non
272 1583 314 1647 sit
340 1581 468 1647 difficile
493 1581 663 1668 periclitari
689 1592 722 1648 et
748 1592 802 1646 aut
828 1580 935 1646 statim
956 1580 1109 1667 percipere

182 1697 263 1760 quae
280 1685 316 1741 tu
333 1675 438 1741 verbis
456 1676 499 1741 ad
516 1675 639 1741 caelum
656 1674 810 1753 extulisti,
829 1686 896 1753 aut,
915 1674 946 1739 si
963 1697 1030 1740 non
1045 1683 1109 1761 pots

180 1782 306 1856 tempus
324 1770 553 1857 imperdere,
581 1792 654 1835 cum
671 1780 778 1835 tamen
796 1768 846 1834 his
864 1768 982 1834 nostris
1000 1767 1109 1854 possin

130 1892 168 1931 ιιι
181 1865 368 1932 contentus?
404 1865 456 1931 hic
474 1864 635 1951 Sulpicius
654 1869 729 1951 ‘ego
747 1863 844 1941 vero,’
866 1862 971 1946 inquit
989 1860 1109 1928 ‘Crass

182 1983 243 2045 que
269 1960 476 2026 Aristotelem
503 1960 600 2025 istum
626 1980 730 2041 neque
758 1955 959 2024 Carneadem
986 1978 1048 2023 uec
1072 1956 1109 2044 ph

179 2054 317 2140 phorum
351 2075 542 2137 quemquam
577 2053 737 2131 desidero,
773 2052 823 2117 vel
853 2073 906 2117 me
939 2051 1017 2115 licet
1051 2050 1109 2117 exis

181 2147 349 2232 desperare
367 2145 429 2210 ista
445 2168 542 2232 posse
564 2145 746 2232 perdiscere
763 2146 828 2224 vel,
855 2145 889 2210 id
906 2145 995 2229 quod
1011 2144 1106 2223 facio,

180 2249 335 2304 temnere:
362 2237 441 2303 mihi
462 2260 569 2304 rerum
590 2240 766 2325 forensium
783 2250 816 2305 et
837 2239 1057 2306 communium
1072 2260 1109 2305 ιο

180 2330 260 2396 haec
290 2332 428 2418 cognitio
455 2332 532 2399 satis
559 2356 677 2421 magna
702 2344 753 2400 est
778 2333 821 2399 ad
846 2355 931 2411 eam,
964 2354 1063 2418 quam
1091 2355 1109 2419 s,

180 2424 407 2509 eloquentiam3
434 2448 556 2512 exque
576 2429 649 2515 ipsa
670 2438 778 2494 tamen
799 2427 958 2515 permulta
979 2427 1102 2505 nesci03

180 2530 249 2585 tum
266 2520 415 2606 denique,
442 2544 515 2587 cum
532 2543 630 2587 causa
647 2521 766 2607 aliqua,
793 2544 876 2606 quae
893 2545 913 2586 a
929 2544 983 2587 me
1001 2520 1109 2587 dicend

180 2614 353 2693 desiderat,
380 2636 507 2700 quaero.
552 2638 648 2700 quam
665 2615 707 2681 ob
727 2637 810 2694 rem,
836 2615 898 2680 nisi
920 2615 1004 2680 forte
1021 2637 1058 2681 es
1076 2614 1109 2679 ia

180 2709 286 2774 fessus
305 2721 338 2774 et
356 2709 383 2775 si
400 2710 458 2775 tibi
474 2732 539 2777 non
556 2732 671 2796 graves
690 2733 815 2788 sumus,
834 2709 918 2776 refer
936 2710 979 2774 ad
996 2708 1053 2775 illa
1070 2719 1109 2788 te,

181 2803 222 2867 ad
233 2801 334 2890 ipsius
350 2803 500 2870 orationis
514 2805 643 2870 laudem
660 2803 924 2892 splendoremque
937 2803 1109 2890 pertinent;

180 2919 241 2984 ego
259 2908 348 2963 exte
366 2897 474 2964 audire
492 2898 593 2978 volui,
619 2921 684 2965 non
704 2908 742 2963 ut
767 2897 969 2984 desperarem
987 2919 1040 2962 me
1064 2896 1109 2964 elo

128 2985 162 3039 37
180 2990 258 3055 tiam
283 2993 434 3076 consequi
459 3015 570 3080 posse,
599 2993 656 3059 sed
677 3003 714 3058 ut
739 2991 865 3114 aliquid
880 2991 1100 3058 addiscerem?

124 3057 322 3149 merassas
353 3087 571 3172 ‘pervolgatas
597 3109 649 3152 res
677 3085 824 3171 requiris’
855 3085 958 3170 inquit
989 3091 1037 3151 ‘et
1064 3086 1109 3151 tib

179 3176 370 3261 incognitas,
399 3176 534 3265 Sulpici:
562 3181 631 3263 quis
658 3181 743 3247 enim
769 3180 808 3246 dc
834 3179 896 3247 isto
922 3202 1042 3267 genere
1064 3204 1109 3247 no

180 3266 258 3347 cuit,
288 3291 353 3335 non
383 3269 532 3350 instituit,
567 3296 634 3339 ιιοιι
665 3275 817 3361 scriptum
848 3275 943 3340 etiam
972 3275 1109 3359 reliquit!

180 3385 290 3449 geram
319 3385 440 3429 morem
470 3376 502 3430 et
528 3388 567 3430 ca
593 3367 771 3446 dumtaxat,
803 3391 884 3453 quae
914 3368 994 3433 mihi
1023 3379 1102 3437 nota

179 3456 283 3525 brevit
270 3468 318 3524 ter
336 3480 495 3546 exponam
512 3458 583 3540 tibi3
602 3461 739 3527 censebo
757 3473 864 3528 tamen
882 3462 924 3527 ad
940 3485 1012 3542 eos,
1032 3485 1089 3548 qm
1105 3488 1109 3527 ι

179 3575 231 3620 res
257 3563 290 3619 et
315 3553 494 3621 inventores
522 3565 597 3622 sunt
626 3555 737 3621 harum
765 3579 842 3623 sane
871 3557 1065 3622 minutarum
1095 3582 1109 3622 r

178 3649 412 3715 revertendum.

71 3754 74 3759 ’
125 3764 163 3804 ιιι
241 3741 357 3807 Omnis
374 3741 471 3830 igitur
489 3743 589 3810 oratio
607 3744 770 3810 conficitur
787 3766 828 3809 ex
845 3743 951 3810 verbis
957 3770 966 3823 ς
993 3766 1109 3828 quorm

180 3855 267 3897 mum
293 3834 385 3900 nobis
411 3836 493 3902 ratio
520 3837 703 3925 simpliciter
734 3837 872 3903 videnda
897 3848 961 3916 est,
992 3838 1109 3904 deinde

179 3926 295 3992 iuncte.
338 3951 414 3994 nam
431 3939 481 3995 est
502 3930 631 4013 quidam
659 3941 789 3998 umatus
817 3930 982 4010 orationis,
1010 3933 1109 4017 quie

179 4019 263 4108 gulis
290 4019 395 4085 verbis
423 4032 487 4100 est,
513 4023 608 4103 alius,
636 4024 757 4109 quiex
783 4025 973 4091 continuatis
1001 4022 1110 4112 [coniu

180 4125 314 4183 constat.
358 4137 435 4203 ergo
452 4127 580 4183 utemur
597 4119 703 4185 verbis
722 4131 777 4186 aut
798 4120 859 4199 eis,
886 4142 968 4206 quse
988 4122 1109 4209 propria

181 4220 213 4274 et
230 4221 316 4277 certa
333 4232 424 4296 quast
414 4211 597 4280 'vocabula
621 4237 740 4293 rerum,
767 4238 869 4302 paene
885 4238 951 4281 una
971 4226 1049 4282 nata
1070 4238 1109 4282 cu

180 4302 276 4368 bus
267 4304 361 4392 ipsis3
393 4316 448 4371 aut
474 4306 535 4387 eis,
563 4329 644 4392 qnae
670 4309 901 4375 transferuntur
927 4320 960 4375 et
984 4311 1109 4395 quasit

181 4393 215 4460 in
235 4396 305 4465 loco
327 4401 545 4483 conlocantur3
572 4415 627 4469 aut
639 4405 709 4487 eis,
737 4427 817 4488 quae
839 4428 993 4472 novamus
1016 4416 1051 4470 et
1073 4407 1109 4472 fa

90 4729 214 4956 s
