2536 5040
198 224 241 289 82
481 235 520 293 Μ.
540 235 676 292 TULLII
695 233 895 292 CICERONIS

199 360 340 436 decreta,
358 381 526 445 responsa,
544 357 610 421 vita
627 357 763 442 denique
781 379 903 435 eorum,
922 358 978 443 qui
993 358 1027 423 in
1045 379 1145 424 eausa
1161 350 1224 427 ver·¹

200 464 323 530 santur,
342 462 409 517 tota
426 451 648 538 cognoscenda
666 462 729 530 est3
752 473 886 535 quarum
901 474 1008 516 rerum
1025 452 1223 539 neglegentis

197 548 365 634 plerasque
383 568 496 612 causas
515 556 547 611 et
563 545 701 611 maxime
718 547 916 633 privatas-
934 557 1009 611 sunt
1026 547 1113 611 enim
1132 548 1224 615 multo

142 670 181 712 ror
200 663 295 728 saepe
314 639 574 706 obscuriores-
590 639 734 705 videmus
753 639 868 717 amitti3
890 640 936 705 ita
952 664 1017 706 non
1033 641 1131 719 nulli,
1158 642 1230 717 dum·

199 757 329 821 operam
346 756 437 800 suam
453 733 587 797 multem
600 732 774 798 existimari
785 733 905 811 volunt,
922 743 959 797 nt
976 743 1042 799 toto
1061 734 1135 801 foro
1154 735 1235 803 voli·-¹

198 839 266 893 tare
289 839 321 893 et
338 851 358 892 a
376 849 472 893 causa
494 826 536 892 ad
557 848 687 891 causam
706 826 752 892 ire
775 826 955 904 videantur,
982 849 1096 893 causas
1123 828 1234 895 dicunt·

198 922 392 1008 incognitam
418 922 537 1005 inquo
563 931 614 985 est
637 921 692 986 illa
717 920 846 1003 quidem
871 943 989 1007 magna
1015 921 1157 988 offensio
1182 920 1235 989 vel·

199 1015 430 1103 neglegentiae,
450 1014 606 1101 susceptis
624 1015 729 1102 rebus,
748 1014 799 1080 vel
817 1014 981 1101 perfidiae,
999 1016 1141 1102 receptis
1147 1042 1158 1094 ;
1176 1016 1237 1089 sed]¹

200 1110 295 1177 etiam
315 1110 370 1173 illa
391 1109 492 1174 maior
514 1108 677 1194 opinione,
703 1108 789 1191 quod
811 1131 905 1174 nemo
931 1119 1039 1195 potest
1061 1110 1102 1174 de
1127 1132 1168 1176 ea
1186 1131 1231 1193 re„¹

199 1226 295 1287 quam
312 1224 376 1266 non
393 1202 496 1281 novit,
514 1225 579 1267 non
596 1201 777 1288 turpissime
796 1202 915 1268 dicere:
940 1203 986 1266 ita
1003 1203 1080 1268 dum
1096 1204 1239 1269 inertiue¹

198 1295 475 1383 vituperationem,
499 1317 580 1380 quae
597 1295 697 1361 maior
715 1307 777 1374 est,
804 1306 1023 1374 contemnunt,
1047 1297 1226 1381 adsequun-

198 1400 249 1454 tur
280 1389 375 1455 etiam
404 1389 505 1466 illam,
536 1411 632 1473 quam
661 1389 764 1475 magis
794 1389 857 1475 ipsi
886 1389 1028 1475 fugiunt,
1060 1391 1226 1457 tarditatis.

143 1510 182 1551 roa
200 1483 347 1568 equidem
374 1482 461 1548 soleo
488 1482 563 1547 dare
590 1505 733 1568 operam,
759 1492 796 1546 ut
817 1483 857 1547 de
885 1506 943 1549 sua
964 1483 1098 1567 quisque
1122 1506 1159 1550 re
1180 1506 1240 1553 mc.

197 1576 266 1664 ipse
285 1579 396 1643 doceat
414 1588 445 1641 et
462 1585 555 1640 utne
573 1576 644 1657 quis
663 1574 743 1641 alius
766 1575 863 1655 adsit,
886 1600 949 1660 quo
970 1578 1100 1643 liberius
1119 1578 1227 1663 loque

199 1683 263 1747 tur,
291 1681 324 1735 et
351 1692 446 1756 agere
473 1668 647 1733 adversarii
672 1689 815 1747 causam,
842 1680 879 1734 ut
898 1671 952 1735 ille
978 1682 1053 1757 agat
1078 1694 1173 1737 suam
1198 1674 1243 1739 et'

197 1763 347 1848 quicquid
365 1763 404 1827 de
423 1785 481 1826 sua
496 1784 531 1826 re
550 1762 696 1849 cogitarit
720 1763 754 1827 in
771 1763 911 1828 medium
938 1765 1093 1850 proferat:
1121 1765 1245 1851 itaque

198 1880 271 1922 cum
292 1857 345 1922 ille
369 1855 532 1935 discessit,
560 1857 617 1921 tris
642 1879 795 1943 personas
823 1879 905 1922 unus
934 1859 1075 1924 sustineo
1102 1868 1242 1929 summa.¹

197 1949 294 2015 animi
312 1950 483 2034 aequitate,
501 1973 619 2028 meam,
639 1951 821 2028 adversarii,
839 1951 963 2016 iudicis.
998 1951 1052 2036 qui
1069 1951 1162 2017 locus
1180 1962 1226 2019 est

197 2044 284 2122 talis,
311 2044 436 2130 utplus
459 2043 576 2109 habeat
599 2044 771 2110 adiumenti
792 2066 888 2128 quam
909 2045 1118 2124 incommodi,
1145 2047 1237 2127 buno·

196 2137 301 2204 iudico
324 2161 396 2203 esse
414 2137 581 2203 dicendum
587 2164 596 2217 3
623 2139 678 2203 ubi
700 2139 772 2225 plus
790 2137 866 2203 mali
883 2161 978 2223 quam
995 2139 1071 2205 boni
1091 2141 1238 2227 reperio,¹

141 2259 179 2300 roc
196 2232 230 2296 id
247 2242 349 2297 totum
367 2232 478 2297 abdico
502 2242 595 2316 atque
618 2231 707 2297 eicio.
754 2231 799 2313 ita
816 2231 986 2315 adsequor,
1013 2243 1050 2297 ut
1067 2232 1130 2298 alio
1148 2241 1244 2303 tem-j

195 2348 272 2413 pore
292 2325 429 2412 cogitem
455 2325 533 2409 quid
550 2326 653 2390 dicam
671 2335 703 2391 et
721 2325 783 2391 alio
802 2325 904 2390 dicam
910 2350 919 2403 ;
946 2347 1028 2410 quae
1051 2326 1115 2391 duo
1132 2325 1228 2413 pleri·

196 2442 257 2502 quc
275 2420 403 2506 ingenio
421 2420 495 2484 freti
513 2419 607 2485 simul
629 2420 763 2497 faciunt3
791 2420 848 2485 sed
870 2430 954 2484 certe
977 2419 1079 2484 eidem
1095 2419 1146 2485 illi
1162 2442 1229 2487 me·

196 2512 256 2578 lius
280 2514 440 2597 aliquanto
463 2513 617 2591 dicerent,
646 2515 673 2579 si
697 2514 784 2578 aliud
806 2514 993 2579 sumendum
1015 2513 1077 2580 sibi
1098 2524 1227 2602 tempus

139 2633 178 2674 ror
197 2608 237 2670 ad
255 2607 473 2692 cogitandum,
495 2608 581 2672 aliud
603 2608 645 2671 ad
666 2608 834 2672 dicendum
856 2618 1014 2693 putarent.
1059 2629 1134 2673 cum
1159 2621 1250 2674 rem

141 3353 176 3407 25

194 2699 319 2784 penitus
338 2720 527 2783 causamque
546 2701 695 2785 cognovi,
724 2701 830 2766 statim
848 2701 983 2766 occurrit
1000 2701 1121 2780 animo,
1145 2724 1229 2787 quae

196 2792 238 2856 sit
254 2813 351 2856 causa
369 2792 552 2879 ambigendi
558 2818 568 2871 3
595 2793 675 2857 nihil
693 2805 742 2860 est
759 2795 856 2872 enim,
879 2795 965 2879 quod
981 2795 1062 2860 inter
1079 2796 1228 2863 hominee

196 2886 388 2971 ambigatur,
418 2883 500 2971 [sive
518 2909 559 2951 ex
577 2887 707 2953 crimine
731 2909 828 2953 causa
845 2900 984 2967 constat,
1011 2899 1047 2953 ut
1063 2889 1228 2969 facinoris,
1246 2909 1250 2917 '

196 2979 270 3062 sive·
281 3002 321 3043 ex
339 2979 563 3061 controversia,
580 2992 617 3045 ut
634 2982 827 3060 hereditatis,
847 2983 915 3048 sive
933 3006 973 3048 ex
988 2982 1228 3063 deliberatione,
1247 3034 1250 3039 -

194 3085 230 3138 ut
246 3073 336 3152 belli,
356 3074 423 3139 sive
442 3096 483 3139 ex
500 3097 651 3160 persona,
670 3086 707 3140 ut
723 3077 836 3154 leudis,
856 3076 924 3142 sive
941 3101 982 3142 ex
1000 3076 1229 3162 disputatione,

193 3177 230 3232 ut
248 3170 287 3233 de
308 3168 430 3234 ratione
456 3167 615 3257 vivendi3]
642 3170 678 3235 in
698 3193 760 3253 quo
778 3194 844 3236 non
866 3181 921 3235 aut
942 3170 1019 3253 quid
1043 3171 1167 3235 factum
1185 3164 1254 3235 sit-3

195 3274 250 3327 aut
265 3264 322 3327 fiat
342 3264 524 3329 futurumve
547 3264 589 3329 sit
615 3276 784 3349 quaeratur
806 3275 861 3330 aut
886 3264 979 3349 quale
1003 3263 1044 3328 sit
1066 3272 1122 3327 aut
1148 3264 1230 3347 quid
1239 3266 1249 3289 ”

194 3367 337 3436 vocetur3
366 3381 403 3422 ac
420 3370 548 3424 nostrae
571 3359 638 3424 fere
661 3380 789 3437 causac,
817 3382 898 3442 quae
920 3357 1048 3442 quidem
1071 3367 1147 3421 sunt
1166 3359 1234 3427 cri·.
1255 3379 1260 3402 ³

137 3427 177 3466 105
228 3450 236 3463 .

193 3472 328 3526 mmum,
356 3451 543 3536 plerumque
564 3451 750 3518 infitiatione
778 3452 1003 3529 defenduntur3
1030 3473 1105 3516 nam
1128 3461 1162 3516 et
1184 3450 1230 3517 de
1247 3460 1258 3521 -’.

192 3543 335 3629 pecuniis
352 3544 535 3629 repetundis
570 3542 664 3628 [quae
682 3546 839 3610 maximae
858 3544 958 3632 sunt]
989 3543 1139 3630 neganda
1156 3543 1257 3619 fere*

195 3647 269 3702 sunt
296 3637 416 3715 omnia,
449 3647 482 3701 et
507 3636 546 3702 dc
574 3639 694 3703 ambitu
718 3663 790 3705 raro
816 3640 896 3704 illud
922 3641 1027 3717 datur,
1053 3649 1089 3702 ut
1115 3638 1255 3724 possis*

193 3731 415 3797 liberalitatem
437 3741 532 3815 atque
558 3732 786 3819 benignitatem
804 3734 844 3798 ab
867 3734 987 3799 ambitu
1008 3742 1104 3816 atque
1125 3731 1239 3819 largi.
1256 3780 1266 3819 ,Ι-

194 3827 279 3891 tione
306 3826 488 3913 seiungere3
515 3825 555 3891 de
579 3826 714 3904 sicariis,
743 3827 782 3892 de
804 3827 980 3904 veneficiis,
1007 3826 1047 3891 de
1073 3825 1231 3911 peculatu
1251 3828 1266 3891 ’.1

193 3920 321 3985 infitiari
338 3944 471 3988 necesse
492 3932 556 3988 est:
582 3923 685 3988 idest
704 3922 801 4009 igitur
823 3945 925 4010 genus
950 3922 1088 4009 primum
1109 3943 1231 3989 causa-
1260 3912 1266 3967 ’Ϊ

192 4037 264 4079 rum
281 4015 315 4079 in
333 4017 457 4083 iudiciis
477 4040 518 4083 ex
534 4016 751 4085 controversia
772 4018 862 4097 facti3
890 4018 924 4084 in
942 4016 1243 4085 deliberationibus·
