2536 5040
346 695 397 748 DE
417 693 795 750 ORATORE11.14-at.
1042 683 1084 748 63

10 819 22 881 ζ·
75 814 115 889 ex
138 817 287 886 omnibus
308 817 435 883 Latinis
462 818 568 883 verbis
591 817 684 882 huius
711 817 800 883 verbi
821 817 887 882 vim
913 818 964 883 vel
985 818 1086 884 maxi·

161 936 288 999 semper
308 913 418 999 putavi
424 938 433 991 3
461 934 556 997 quem
578 912 662 978 enim
680 935 738 977 nos
756 913 899 998 ineptum
924 935 1084 991 vocamus,

54 1012 69 1031 '⁶
103 1009 182 1077 mihi
198 1007 324 1073 videtur
342 1008 381 1073 ab
400 1007 461 1073 hoo
477 1029 593 1073 nomen
616 1007 733 1072 habere
751 1007 893 1084 ductum,
922 1008 1006 1092 quod
1021 1030 1087 1074 non

54 1104 102 1173 -sit
117 1114 226 1192 aptus,
251 1101 374 1186 idque
364 1126 398 1167 ιι
416 1101 570 1167 sermonis
589 1101 690 1168 nostri
716 1101 943 1167 consuetudine
965 1102 1088 1187 perlate

48 1208 161 1289 [praten
187 1196 335 1280 namqui
353 1205 408 1260 aut
434 1206 558 1282 tempus
577 1196 654 1280 quid
678 1206 752 1281 post
739 1195 819 1260 tulet
839 1219 904 1260 non
930 1195 1017 1261 videt
1034 1207 1088 1261 aut

56 1292 155 1381 plura
169 1289 306 1374 loquitur
324 1299 379 1354 aut
397 1312 431 1355 se
449 1300 587 1355 ostentat
605 1299 658 1354 aut
676 1312 799 1368 eorum,
823 1288 1011 1373 quibuscum
1028 1301 1087 1368 est,

13 1394 25 1409 “
56 1385 113 1452 vel
131 1382 293 1494 dignitatis
311 1383 363 1449 vel
380 1383 537 1449 commodi
554 1383 711 1449 rationem
731 1405 797 1448 non
814 1381 911 1448 habet
928 1393 983 1448 aut
970 1383 1088 1448 tdeni-

43 1501 123 1565 .-qne
140 1477 174 1543 in
191 1476 297 1561 aliquo
319 1499 436 1563 genere
459 1489 513 1543 aut
533 1462 738 1544 inconcinnus
758 1487 812 1541 aut
829 1477 1019 1542 multust
969 1487 1032 1554 est,
1059 1477 1087 1541 is

43 1574 189 1660 'ineptus
207 1592 279 1636 esse
297 1571 420 1637 dieitur.
459 1571 521 1637 hoe
537 1571 614 1636 vitio
633 1571 792 1636 cumulata
809 1581 859 1637 est
876 1525 1088 1637 eruditissima
1101 1595 1128 1636 ra

58 1666 116 1733 illa
129 1664 326 1733 Graecorum
342 1666 443 1745 natio;
461 1666 567 1749 itaque
586 1666 718 1750 quod
688 1689 754 1731 vnn
771 1665 863 1731 huius
881 1665 957 1730 mali
971 1663 1089 1732 Graeci

44 1784 126 1827 non
141 1760 265 1839 vident,
291 1784 332 1826 ne
354 1784 471 1826 nomeu
493 1761 620 1845 quidem
642 1760 671 1825 ei
693 1759 769 1825 vitio
795 1761 1025 1847 imposuerunt3
1052 1772 1089 1825 ut

59 1856 147 1922 enim
168 1876 302 1941 quaeras
330 1855 450 1933 omnia,
478 1877 540 1939 quo
561 1855 657 1920 modo
676 1853 792 1920 Graeci
816 1854 958 1940 ineptum
980 1857 1089 1941 appel-

58 1948 138 2028 lent,
154 1972 219 2015 non
235 1949 384 2037 reperies.
416 1949 557 2015 omnium
575 1959 681 2014 autem
698 1947 897 2034 ineptiarum,
917 1970 997 2032 quae
1015 1959 1091 2013 sunt

39 2042 320 2122 *innumerabilem
347 2043 434 2109 haud
456 2043 522 2110 seio
545 2066 587 2108 an
607 2042 696 2107 nulla
713 2042 755 2107 sit
775 2041 890 2120 maior,
918 2063 1027 2125 quam,
1053 2054 1090 2105 ut

42 2136 107 2203 illi
125 2137 241 2216 solent,
215 2149 466 2223 tquooumque
484 2138 518 2202 in
540 2137 624 2216 loeo,
651 2158 867 2222 quoscumque
888 2135 971 2201 inter
987 2135 1091 2200 homi-

59 2254 119 2298 nes
136 2231 241 2297 visum
258 2242 321 2311 est,
350 2233 390 2297 de
406 2232 503 2297 rebus
522 2242 577 2297 aut
603 2230 796 2295 difficillimis
819 2239 955 2296 autnon
976 2251 1089 2295 neees-

10 4062 19 4239 l

37 2330 40 2335 '
61 2324 153 2393 sariis
168 2325 369 2414 argutissime
386 2326 557 2411 disputare.
588 2325 650 2390 hoo
666 2347 726 2392 nos
745 2326 785 2391 ab
802 2324 872 2390 istis
889 2321 1089 2411 [adulescen-

39 2418 161 2507 ''tibus]
181 2419 311 2486 faeere
302 2419 393 2484 inviti
410 2430 443 2484 et
458 2429 606 2484 recusant
607 2442 641 2484 es
593 2418 727 2485 theri
740 2419 840 2485 eoacti
855 2442 974 2484 sumus.
976 2398 1033 2501 ’llt
1020 2428 1088 2482 tum
1105 2412 1123 2466 5

39 2512 232 2580 .Gatulus‘
236 2536 277 2577 ne
296 2510 413 2578 Graeci
430 2512 582 2597 quidem,’
603 2513 706 2598 inquit
724 2511 870 2592 ‘,Orasse
890 2513 943 2598 qui
960 2514 994 2577 in
1011 2511 1088 2576 civi-
1101 2486 1127 2525 ²⁹

47 2608 182 2675 ..tatibus
200 2606 266 2672 suis
284 2607 360 2672 olari
382 2618 415 2673 et
435 2608 544 2694 magni
569 2608 712 2687 fuerunt,
740 2609 866 2674 sieutit
865 2631 888 2672 u
909 2630 944 2673 es
965 2626 1088 2689 nosque

43 2691 200 2769 ¹omnes
190 2725 224 2766 ιιι
240 2711 350 2767 nostra
366 2724 400 2768 re
420 2702 548 2789 publiea
573 2703 720 2768 volumus
743 2725 829 2780 esse,
856 2701 969 2767 horum
988 2698 1091 2766 Grae-

38 2818 41 2823 ·
61 2816 181 2875 eorum,
209 2795 263 2879 qui
281 2818 317 2861 se
332 2795 492 2863 inculcant
509 2797 637 2863 auribus
655 2797 787 2874 nostris,
814 2795 932 2861 similes
951 2795 1088 2871 fuerumt,

60 2910 123 2955 nee
138 2889 172 2954 in
188 2890 253 2956 otio
276 2912 437 2957 sermones
456 2891 550 2957 huius
567 2891 655 2957 modi
677 2888 969 2975 disputationesque
986 2887 1090 2974 fugie-

60 2982 153 3061 bant3
175 3005 213 3049 aa
230 2984 258 3049 si
275 2984 333 3050 tibi
349 2985 510 3063 videntur,
533 2986 587 3071 qui
605 2984 770 3070 temporis,
793 2983 847 3066 qui
863 2982 939 3060 loci,
962 2982 1016 3066 qui
1032 2982 1090 3047 ho·
1102 3003 1130 3043 ιο

30 3070 37 3097 ”
61 3076 183 3141 minum
199 3077 354 3143 rationem
369 3102 436 3145 non
451 3080 584 3158 habent,
606 3078 719 3165 inepti,
747 3077 828 3143 siout
845 3077 962 3142 debent
978 3076 1088 3153 videri,

32 3214 35 3221 ·
62 3192 140 3237 num
158 3172 287 3238 tandem
308 3184 364 3239 aut
384 3174 474 3240 loeus
498 3174 549 3239 hie
566 3197 632 3240 non
655 3173 788 3238 idoneus
810 3172 947 3250 videtur,
974 3170 1089 3255 inquo

62 3264 203 3351 porticus
221 3266 301 3332 haee
317 3266 402 3354 ipsa,
420 3267 477 3334 ubi
492 3290 577 3333 nuno
594 3267 806 3345 ambulamus,
833 3276 866 3331 et
881 3266 1040 3352 palaestra
1058 3276 1090 3331 et

62 3370 112 3427 tot
132 3360 210 3427 loeis
233 3360 392 3428 sessiones
417 3359 670 3450 [gymnasiorum
692 3362 733 3427 ad
752 3358 960 3447 Graecorum]
980 3360 1091 3446 dispu-

62 3452 218 3521 tationum
233 3455 419 3522 memoriam
436 3458 573 3540 quodam
589 3457 685 3523 modo
703 3455 920 3521 commovent?
942 3465 996 3518 aut
1012 3476 1091 3517 num

62 3548 277 3635 importunum
294 3560 419 3637 tempus
437 3550 471 3616 in
489 3562 576 3617 tanto
598 3551 678 3628 otio,
705 3549 790 3633 quod
806 3558 839 3613 et
854 3570 926 3612 raro
949 3547 1041 3610 datur
1058 3554 1091 3608 et

62 3664 149 3709 nuno
173 3654 339 3731 peroptato
366 3646 458 3710 nobis
484 3647 592 3711 datum
619 3645 687 3710 est?
714 3653 768 3707 aut
755 3640 936 3706 thomines
963 3640 1003 3703 ab
1029 3638 1092 3702 hoo

22 3758 182 3827 genere
200 3736 422 3823 disputationis
440 3738 548 3815 alieni,
571 3737 625 3820 qui
642 3756 753 3800 omnes
771 3734 800 3798 ei
818 3754 942 3808 sumus,
968 3739 1005 3794 ut
1023 3729 1091 3795 sine

62 3830 114 3898 his
134 3828 247 3895 studiis
265 3829 363 3894 vitam
379 3829 499 3895 nullam
516 3852 588 3894 esse
606 3825 790 3893 dueamusi’
814 3824 934 3891 ‘omnia
950 3823 1024 3890 ista’
1042 3824 1092 3890 in-
1104 3844 1130 3884 rr

21 3924 133 4011 quit
160 3920 299 3990 Crassus
331 3927 406 4009 ‘ego
432 3922 494 3989 alio
520 3923 615 3989 modo
644 3922 845 4030 interpretor,
876 3919 930 4004 qui
954 3919 1091 4007 primum

63 4018 255 4129 palaestram
269 4027 302 4084 et
314 4017 408 4083 sedes
425 4027 458 4083 et
473 4017 613 4104 porticus
628 4016 723 4082 etiam
735 4013 833 4101 ipsos,
849 4011 974 4092 Catule,
990 4012 1091 4081 Grae-

64 4134 121 4180 oos
148 4111 379 4179 exercitationis
403 4109 452 4200 [et
468 4108 700 4199 delectationis]
684 4108 825 4199 ]oausa
848 4106 927 4196 [non
949 4109 1092 4194 disputa-

10 4201 175 4289 tionis]
202 4206 362 4272 invenisse
389 4207 536 4286 arbitror3
563 4229 638 4272 nam
664 4216 697 4272 et
722 4203 856 4271 saeculis
883 4201 972 4267 mult
951 4212 990 4265 ιιι
1018 4211 1091 4266 ante

10 4300 234 4390 gymnasia
252 4301 383 4367 inuenta
405 4312 497 4380 sunt,
524 4323 619 4385 quam
640 4299 742 4365 ineis
764 4294 946 4384 philosophi
972 4292 1091 4378 garrire

65 4403 253 4480 coeperunt,
280 4404 313 4459 et
334 4393 425 4461 hoo
414 4418 487 4484 rpso
512 4403 669 4481 tempore,
696 4413 768 4456 oum
794 4388 900 4456 omnia
924 4386 1092 4473 gymnasia

62 4486 247 4581 philosophi
264 4498 401 4569 teneant,
419 4499 527 4554 tamen
544 4510 652 4554 eorum
666 4485 824 4552 auditores
843 4481 966 4548 discum
983 4481 1092 4547 audire
