2536 5040
13 690 38 783 ἒ
175 720 179 725 “
341 736 395 791 nn
413 735 636 793 onnronsr
654 737 805 794 tec-us
1047 727 1091 793 35

10 848 36 935 ξ
64 881 104 923 ne
122 858 306 945 exceptione
326 858 508 924 excluderet
495 869 559 937 t,ur
580 881 660 931 ouon
677 882 719 923 ιι
734 881 789 924 nes
806 883 837 925 nr
857 884 992 928 mnromn
1011 885 1090 928 ιιιιι
1177 858 1181 867 ’

10 960 33 1019 't'
63 973 215 1019 manser.
258 952 335 1038 quid
361 974 439 1038 ergo
464 951 525 1017 hoc
554 952 624 1017 fleri
653 953 776 1039 turpius
807 964 862 1017 aut
887 955 949 1019 dici
973 966 1089 1066 potest,
1108 985 1147 1026 aaa

10 1046 27 1115 [ἰ-
65 1067 161 1130 quam
178 1068 266 1124 eum,
294 1067 349 1129 qm
337 1045 448 1110 hanc
464 1067 635 1132 personam
653 1047 841 1134 susceperit,
867 1059 903 1113 ut
920 1051 1091 1115 aurioorum

10 1146 17 1219 ζ
66 1138 299 1204 controversias
327 1161 503 1223 causasque
521 1150 661 1219 tueatur,
685 1140 902 1207 laborantibus
921 1155 1092 1221 succurrat,

65 1232 171 1318 aegris
185 1233 357 1311 medeatur,
375 1233 517 1299 adflictos
530 1234 656 1313 excitet,
674 1234 758 1299 hunc
774 1235 808 1300 in
821 1235 959 1301 minimis
975 1237 1093 1303 tenuis-

66 1326 219 1411 simisque
235 1328 330 1392 rebus
347 1327 392 1392 ita
408 1327 482 1406 labi,
499 1339 536 1393 ut
553 1329 622 1394 aliis
640 1328 848 1407 miserandus,
868 1329 936 1395 aliis
954 1330 1093 1396 inriden-

65 1421 127 1486 dus
154 1443 226 1486 esse
256 1421 418 1486 videatur?
447 1421 595 1507 equidem
623 1422 837 1510 propinqumn
867 1434 1025 1502 nostrum,
1051 1426 1091 1490 Ρ.
1109 1452 1148 1492 no

65 1511 221 1579 Crassum
240 1512 343 1600 [illum
358 1513 516 1602 Divitem]
535 1527 568 1582 et
585 1515 692 1581 multis
712 1516 780 1581 aliis
798 1517 895 1581 rebus
914 1517 1092 1602 elegantem

17 1658 20 1663 .
63 1608 224 1674 hominem
240 1619 273 1674 et
289 1619 436 1675 ornatum
463 1620 497 1675 et
516 1610 686 1697 praecipue
703 1610 737 1674 in
760 1609 821 1676 hoc
847 1610 1044 1675 efferendum
1061 1624 1094 1676 et

10 1766 22 1785 ,-
63 1701 256 1767 laudandum
282 1712 375 1790 puto,
403 1704 503 1786 quod,
530 1725 603 1769 cum
619 1705 658 1770 P.
679 1702 854 1770 Scaevolae
881 1705 978 1770 frater
996 1715 1090 1782 esset,

10 1790 12 1795 ’
63 1795 176 1861 solitus
200 1807 250 1860 est
274 1797 306 1860 ei
329 1819 485 1883 persaepe
512 1797 617 1863 dicere
637 1818 741 1879 neque
757 1797 847 1862 illum
868 1797 901 1862 in
917 1798 986 1864 iure
1007 1799 1092 1863 civili

61 1888 141 1954 satis
161 1887 221 1976 [uli
238 1888 311 1977 artr]
331 1891 436 1956 facere
451 1914 564 1978 posse,
581 1890 643 1955 nisi
660 1890 786 1955 dicendi
803 1890 926 1977 copiam
943 1892 1092 1978 adsump-

16 2004 19 2009 ·
62 1982 172 2062 sisset,
200 1984 284 2069 quod
310 1983 438 2069 quidem
464 1984 529 2063 hic,
557 1984 612 2070 qui
636 2006 762 2049 mecum
780 1985 891 2050 consul
907 1984 982 2062 fuit,
1008 1986 1091 2051 filius

65 2077 133 2142 eius
152 2091 201 2142 est
218 2088 422 2157 consecutus,
440 2101 543 2164 neque
562 2102 596 2144 se
615 2089 688 2144 ante
706 2101 820 2144 causas
839 2077 1011 2143 amicorum
1029 2088 1092 2143 tra

63 2180 149 2236 ctare
176 2182 270 2255 atque
296 2194 391 2258 agere
417 2172 575 2260 coepisse,
603 2195 700 2257 quam
724 2173 774 2238 ius
798 2172 890 2237 civile
917 2172 1089 2238 didicisset.

62 2263 139 2348 quid
163 2287 239 2331 vero
256 2265 309 2331 ille
326 2266 376 2332 M.
395 2264 498 2333 Cato?
511 2278 628 2334 'nonne
646 2278 678 2332 ct
704 2266 884 2351 eloquentia
910 2277 998 2332 tanta
1020 2267 1089 2346 fuit,
1109 2293 1148 2335 ιιι

63 2368 215 2442 quantam
240 2358 295 2424 illa
324 2371 467 2447 tempora
498 2372 592 2445 atque
618 2360 674 2426 illa
699 2371 787 2427 aetas
813 2360 847 2425 in
873 2360 933 2425 hac
965 2361 1090 2427 civitate

61 2452 145 2517 ferre
166 2453 339 2518 maximam
363 2454 479 2541 potuit,
507 2465 539 2519 et
555 2454 633 2520 iuris
651 2454 752 2520 civilis
775 2454 915 2521 omnium
936 2455 1091 2541 peritissi-

62 2547 155 2610 mus?
181 2546 388 2613 verecundius
406 2547 467 2613 hac
490 2549 530 2614 de
555 2571 591 2614 re
615 2549 680 2614 iam
707 2549 826 2614 (ludum
851 2549 977 2634 loquor,
1005 2551 1091 2633 quod

65 2638 159 2703 adest
176 2638 225 2703 vir
240 2639 275 2703 in
292 2639 423 2706 dicendo
442 2664 599 2720 summus,
626 2664 721 2725 quem
739 2665 799 2727 ego
816 2665 916 2707 unum
933 2652 1090 2708 oratorem

60 2730 201 2798 maxime
228 2731 379 2810 admiror3
407 2735 464 2798 sed
485 2745 593 2801 tamen
617 2734 703 2800 idem
728 2735 790 2802 hoc
812 2758 937 2822 semper
961 2732 1025 2821 [ius
1048 2736 1093 2799 ci-

60 2824 140 2912 vile]
160 2825 359 2913 contempsit.
403 2849 527 2906 verum,
549 2829 699 2913 qnoniam
716 2829 891 2894 sententiae
913 2839 1006 2911 atque
1024 2829 1091 2916 opi·
1109 2854 1147 2896 ιιι

61 2919 166 2985 nionis
184 2943 275 2986 meae
302 2919 447 2985 voluistis
466 2943 538 2986 esse
559 2922 744 3008 participes,
771 2922 851 2985 nihil
868 2923 1031 2988 occultabo
1049 2935 1088 3003 et,

10 3016 15 3093 ἔ,
62 3014 168 3099 quoad
188 3024 314 3101 potero,
342 3015 433 3080 vobis
457 3036 629 3100 exponam,
656 3014 790 3101 quidde
816 3037 942 3100 quaque
963 3039 998 3082 re
1021 3039 1093 3082 sen-

60 3108 153 3173 tiam:
174 3107 308 3174 Antonii
325 3107 517 3174 incredibilis
536 3108 692 3193 quaedam
710 3119 741 3174 et
758 3133 857 3196 prope
872 3109 1041 3196 singularis
1060 3122 1091 3177 et
1107 3123 1143 3178 38

10 3214 12 3221 '
61 3201 170 3267 divina
187 3202 235 3268 vis
253 3202 372 3290 ingenii
394 3203 533 3282 videtur,
561 3203 685 3269 etiamsi
703 3203 763 3268 hac
785 3204 918 3269 scientia
938 3204 1015 3270 iuris
1032 3229 1092 3271 nu-

60 3297 138 3362 data
155 3296 205 3375 sit,
223 3320 319 3383 posse
336 3296 429 3363 facile
444 3298 556 3364 ceteris
572 3298 667 3363 armis
680 3297 866 3385 prudentiae
883 3321 996 3365 causas
1011 3301 1092 3366 tueri

61 3400 157 3474 atque
184 3390 368 3469 defendere3
397 3414 492 3476 quam
514 3393 645 3458 obrem
667 3392 720 3457 hic
745 3393 837 3457 nobis
857 3393 899 3458 sit
924 3405 1090 3480 exceptum

59 3493 184 3549 ceteros
207 3506 369 3550 veronen
395 3485 545 3552 dubitabo
566 3486 703 3572 primum
727 3485 859 3551 inertiae
881 3487 1091 3552 condemnaro

61 3576 222 3645 sententia
238 3601 323 3657 mea,
349 3590 424 3665 post
440 3579 536 3645 etiam
564 3580 792 3666 impudentiam
818 3604 893 3644 nam
910 3580 1041 3644 volitare
1059 3579 1092 3642 in
1110 3601 1148 3642 ιιι

59 3671 145 3750 foro,
172 3670 302 3737 haerere
319 3672 354 3737 in
375 3672 499 3739 iurene
519 3684 702 3759 praetorum
725 3672 949 3747 tribunalibus,
976 3670 1093 3735 iudicia

10 3840 12 3847 ,
59 3766 186 3855 privata
202 3788 390 3850 magnarum
406 3789 513 3843 rerum
530 3766 632 3842 obire,
658 3765 692 3829 in
715 3765 829 3846 quibus
857 3785 953 3849 saepe
970 3786 1035 3828 non
1052 3764 1093 3830 de

59 3861 163 3936 facto,
192 3859 250 3923 sed
276 3858 316 3923 de
343 3860 500 3942 aequitate
528 3880 565 3924 ac
590 3858 658 3922 iure
685 3868 835 3935 certetur,
862 3856 980 3922 iactare
1002 3881 1036 3923 se
1058 3858 1092 3924 in

61 3951 168 4025 causis
195 3951 490 4032 centumviralibus,
516 3952 685 4037 inquibus
708 3951 951 4038 usucapionum,
979 3955 1092 4019 tutela-

60 4070 146 4126 rum,
174 4046 401 4135 gentilitatum,
428 4047 647 4160 agnationum,
675 4046 893 4126 adluvionum,
924 4047 1092 4113 circumlu-

31 4143 207 4241 vionum,
237 4165 406 4222 nexorum,
441 4143 684 4230 mancipiorum,
720 4143 890 4231 parietum,
926 4142 1090 4218 luminum,

10 4282 27 4343 ἐς,
31 4218 306 4317 stillicidiorum,
341 4248 602 4305 testamentorum
639 4235 726 4326 [rupt
726 4261 816 4304 orum
847 4246 903 4300 aut
934 4233 1088 4320 ratarum]

10 4348 23 4417 ’ς
63 4338 301 4414 ceterarumque
317 4353 424 4397 rerum
440 4331 742 4398 innumerabilium
733 4354 803 4395 rura
819 4337 1000 4404 versentur,
1019 4348 1091 4415 cum

62 4422 205 4502 omnino,
231 4424 308 4509 quid
325 4448 432 4504 suum,
459 4426 535 4510 quid
553 4425 704 4502 alienum,
727 4446 791 4507 qua
806 4444 841 4486 re
860 4418 1039 4504 denique
1012 4420 1089 4486 crvis

62 4529 119 4585 aut
142 4518 344 4606 peregrinus,
371 4543 483 4587 servus
510 4529 565 4585 aut
589 4518 669 4583 liber
695 4515 852 4602 quispiam
874 4513 929 4593 sit,
956 4515 1089 4603 ignoret,

883 4617 921 4671 21
