2536 5040
203 230 245 297 58
510 241 548 296 u.
567 240 703 297 sunau
722 238 921 296 orcuuours

203 387 281 432 voce
298 387 409 431 versus
427 364 544 431 multos
562 386 626 429 uno
641 363 752 450 spiritu
766 363 970 450 pronuntiare
987 364 1229 445 consuescebat

201 482 305 545 neque
322 460 350 524 is
365 459 541 525 consistens
554 458 589 522 iu
601 458 681 535 loco,
701 457 759 522 sed
771 457 970 522 inambulans
986 467 1081 542 atque
1096 479 1232 525 ascensu·

145 582 185 624 aaa
202 554 383 641 ingrediens
402 554 510 621 arduo.
554 551 642 618 hisee
660 573 720 639 ego
740 550 1018 629 cohortationibus,
1038 548 1176 631 Crasse,
1195 552 1231 619 ud
1266 593 1268 664 q

202 650 343 715 studium
369 659 402 714 et
428 649 469 713 ad
494 646 636 712 laborem
660 646 837 711 incitandos
871 646 995 711 iuvenis
1027 646 1231 713 vehementer
1266 695 1268 718 ⁴

202 742 377 822 adsentior3
406 752 525 820 cetera,
553 762 634 823 quae
660 739 828 825 conlegisti
853 762 894 804 ex
920 739 1016 804 variis
1043 750 1076 805 et
1097 740 1245 810 diversis

202 837 316 902 studiis
335 847 367 902 et
385 836 519 913 artibus,
546 833 673 899 tametsi
690 834 759 919 ipse
778 855 812 899 es
831 833 937 899 omnia
954 843 1162 912 consecutus,
1189 845 1231 899 ta·

201 952 276 996 men
298 932 338 996 ab
361 929 494 995 oratoris
520 926 649 1014 proprio
677 926 782 994 officio
810 938 904 1011 atque
930 949 1061 992 mimere
1089 929 1231 995 seiuncta
1267 973 1268 976 =

202 1046 274 1090 esse
292 1024 445 1090 arbitror?

149 1133 185 1186 62
262 1119 356 1183 Haec
374 1139 446 1182 cum
464 1114 626 1181 Antonius
644 1114 791 1193 dixisset,
819 1138 895 1181 sane
915 1114 1057 1180 dubitare
1076 1114 1168 1181 visus
1187 1126 1232 1183 est

203 1209 363 1297 Sulpicius
392 1219 424 1275 et
451 1207 562 1289 Cotta,
589 1209 691 1273 utrius
718 1208 818 1276 oratio
843 1209 973 1296 propius
1000 1209 1042 1273 ad
1065 1208 1232 1275 veritatem
1246 1257 1247 1260 κ

142 1331 184 1372 aaa
201 1304 359 1369 videretur
378 1303 541 1382 accedere,
560 1314 628 1368 tum
646 1300 784 1368 Crassus
803 1302 997 1389 ‘operarium
1017 1301 1110 1369 nobis
1135 1324 1233 1387 quen-

203 1399 290 1477 dam,
322 1398 459 1477 Antoni,
487 1407 645 1463 oratorem
662 1397 742 1462 facis
766 1408 861 1482 atque
888 1397 974 1462 haud
999 1396 1064 1462 scio
1082 1420 1127 1461 an
1144 1398 1232 1463 aliter

203 1493 322 1558 sentias
349 1503 382 1558 et
411 1504 501 1557 utare
533 1503 588 1556 tua
612 1491 668 1556 illa
692 1492 825 1556 mirifica
850 1491 892 1555 ad
916 1490 1128 1555 refellendum
1159 1512 1233 1559 eon·

204 1587 383 1664 suetudine,
411 1609 473 1671 qua
495 1585 553 1650 tibi
573 1607 667 1650 nemo
688 1607 839 1669 umquam
856 1585 1026 1670 praestitit3
1054 1584 1147 1650 cuius
1166 1585 1233 1670 qui-

203 1683 276 1746 dem
301 1680 403 1766 ipsius
429 1678 588 1744 facultatis
616 1679 798 1745 exercitatio
829 1689 989 1744 oratorum
1018 1679 1149 1765 propria
1174 1690 1232 1759 est,

202 1775 260 1840 sed
276 1774 341 1839 iam
357 1773 390 1836 in
407 1772 668 1860 philosophorum
681 1771 908 1839 consuetudine
921 1782 1065 1838 versatur
1078 1772 1233 1839 maxime-

202 1890 264 1953 que
290 1889 413 1945 eorum,
442 1866 496 1950 qui
515 1867 554 1932 de
573 1867 659 1932 omni
679 1889 714 1932 re
737 1866 900 1953 proposita
916 1865 950 1931 in
970 1876 1140 1950 utramque
1161 1889 1233 1955 par-

144 1984 185 2025 aas
203 1975 268 2028 tem
295 1962 398 2028 solent
423 1961 641 2049 copiosissime
668 1961 781 2026 dicere.
825 1983 936 2025 verum
957 1982 1017 2046 ego
1039 1982 1105 2025 non
1129 1960 1247 2031 solumi

203 2057 390 2134 arbitrabar,
418 2056 467 2121 bis
493 2054 681 2142 praesertim
706 2053 920 2131 audientibus,
948 2077 968 2118 a
991 2076 1042 2119 me
1068 2053 1234 2120 informari

204 2161 363 2239 oportere,
383 2150 485 2235 qualis
504 2171 575 2215 esse
592 2159 704 2235 posset
719 2148 758 2225 is,
778 2148 831 2233 qui
848 2148 1004 2213 habitaret
1020 2147 1054 2211 in
1071 2148 1233 2215 subselliis

200 2267 303 2330 neque
322 2244 490 2329 quicquam
507 2242 643 2328 amplius
666 2242 818 2319 adferret,
845 2263 940 2326 quam
961 2242 1046 2326 quod
1064 2263 1246 2308 causamm-

201 2339 375 2406 necessitas
394 2338 582 2424 postularet,
610 2337 668 2402 sed
689 2336 790 2402 maius
809 2337 960 2421 quiddam
977 2336 1141 2416 videbam,
1160 2356 1246 2403 oum·

203 2433 372 2499 censebam
390 2442 557 2509 oratorem,
574 2430 762 2517 praesertim
778 2430 812 2496 in
828 2441 938 2498 nostra
953 2453 988 2495 re
1005 2429 1144 2517 publica,
1164 2430 1249 2497 nul·'

201 2527 263 2592 lius
281 2525 458 2592 ornamenti
475 2534 639 2611 expertem
661 2547 732 2591 esse
755 2534 909 2612 oportere.
953 2535 988 2589 tu
1006 2534 1126 2603 autem,
1156 2547 1235 2609 quo-

200 2622 288 2684 niam
312 2619 436 2704 exiguis
468 2618 658 2701 quibusdam
682 2618 798 2683 finibus
825 2628 926 2683 totum
956 2618 1088 2685 oratoris
1115 2641 1235 2685 munus

203 2710 449 2788 circumdedisti,
477 2710 538 2774 hoc
563 2710 688 2775 facilius
709 2711 802 2777 nobis
825 2734 965 2799 expones
988 2734 1040 2790 ea,
1069 2734 1152 2796 quae
1174 2713 1234 2779 aba

202 2816 234 2870 te
261 2805 301 2869 de
327 2804 440 2870 officiis
465 2803 706 2890 praeceptisque
732 2805 865 2872 oratoris
893 2805 1036 2890 quaesita
1058 2815 1147 2885 sunt3
1175 2806 1236 2873 sed

203 2899 314 2985 opinor
336 2899 510 2963 secundum
535 2899 620 2963 hunc
646 2898 744 2979 diem3
773 2898 849 2965 satis
877 2899 961 2966 enim
983 2899 1083 2965 multa
1100 2922 1120 2964 a
1137 2900 1234 2967 nobis

144 3018 185 3062 aas
203 2991 296 3058 hodie
314 2992 399 3057 dicta
417 3002 500 3058 sunt.
543 3014 628 3058 nunc
646 3002 678 3058 et
696 2990 866 3071 Scaevola,
889 2994 1037 3078 quoniam
1054 2993 1088 3057 in
1104 2992 1236 3061 Tuscu·
1259 3017 1268 3076 '.

202 3088 310 3152 lanum
336 3085 383 3151 ire
409 3086 585 3166 constituit,
611 3086 743 3173 paulum
766 3087 958 3172 requiescet,
985 3089 1061 3153 dum
1084 3108 1119 3153 se
1147 3080 1256 3155 calor'

202 3181 342 3267 frangat3
365 3191 397 3246 et
414 3203 472 3247 nos
490 3181 566 3268 ipsi,
590 3181 738 3265 quoniam
753 3181 788 3246 id
805 3182 956 3268 temporis
974 3193 1037 3259 est,
1055 3180 1257 3247 valetudini.

201 3275 314 3340 demus
341 3274 494 3362 operam’
546 3274 665 3360 placuit
696 3275 743 3341 sic
768 3275 925 3341 omnibus.
978 3286 1046 3339 tum
1072 3271 1236 3343 Scaevola

200 3368 308 3433 ‘sane'
335 3369 438 3452 inquit
463 3368 592 3434 ‘vellem
614 3392 679 3436 uon
701 3369 937 3436 constituissem
956 3369 990 3434 in
1012 3367 1257 3444 Tusculanum·

205 3457 284 3547 [me]
312 3460 407 3526 hodie
439 3459 621 3546 [venturum
651 3462 736 3551 esse]
763 3463 891 3541 Laeli03
923 3463 1057 3528 libenter
1088 3462 1262 3532 audirem-1

202 3552 408 3630 Antonium3'
435 3565 480 3632 et,
509 3575 581 3619 cum
599 3567 797 3642 exsurgeret,
825 3555 919 3620 simul
936 3554 1083 3619 adridms
1111 3558 1235 3641 ‘neque
1258 3553 1260 3594 ³

202 3646 300 3712 enim’
323 3645 426 3732 iuquit
447 3653 528 3713 ‘tam
544 3648 622 3713 nrihi
638 3649 790 3715 molestus
813 3648 887 3727 fuit,
915 3648 1000 3731 quod
1016 3647 1066 3712 ius
1084 3659 1235 3717 nostrum
1262 3729 1263 3732 Ἴ

203 3743 296 3809 civile
312 3743 472 3830 pervellit,
494 3765 590 3828 quam
611 3744 783 3822 iucundus,
806 3743 892 3828 quod
910 3765 944 3809 se
962 3742 997 3807 id
1012 3741 1136 3808 nescire
1156 3766 1255 3813 com·

201 3838 309 3904 fessus
328 3837 397 3904 est’
