<?xml version="1.0" encoding="UTF-8"?>
<!DOCTYPE html PUBLIC "-//W3C//DTD XHTML 1.0 Transitional//EN"
    "http://www.w3.org/TR/xhtml1/DTD/xhtml1-transitional.dtd">
<html xmlns="http://www.w3.org/1999/xhtml" xml:lang="en" lang="en">
 <head>
  <title>
</title>
<meta http-equiv="Content-Type" content="text/html;charset=utf-8" />
  <meta name='ocr-system' content='tesseract 3.04.00' />
  <meta name='ocr-capabilities' content='ocr_page ocr_carea ocr_par ocr_line ocrx_word'/>
</head>
<body>
  <div class='ocr_page' id='page_1' title='image "./deoratoreadquin00cicegoog_0143.png"; bbox 0 0 2536 5040; ppageno 0'>
   <div class='ocr_carea' id='block_1_1' title="bbox 204 227 922 293">
    <p class='ocr_par' dir='ltr' id='par_1_1' title="bbox 204 227 922 293">
     <span class='ocr_line' id='line_1_1' title="bbox 204 227 922 293; baseline -0.006 -2"><span class='ocrx_word' id='word_1_1' title='bbox 204 227 267 291; x_wconf 85' lang='grc'><strong>136</strong></span> <span class='ocrx_word' id='word_1_2' title='bbox 511 237 550 291; x_wconf 82' lang='lat' dir='ltr'>M</span> <span class='ocrx_word' id='word_1_3' title='bbox 568 236 703 293; x_wconf 87' lang='lat' dir='ltr'>TULLII</span> <span class='ocrx_word' id='word_1_4' title='bbox 722 234 922 291; x_wconf 80' lang='lat' dir='ltr'>CICERONIS</span> 
     </span>
    </p>
   </div>
   <div class='ocr_carea' id='block_1_2' title="bbox 128 354 1264 4103">
    <p class='ocr_par' dir='ltr' id='par_1_2' title="bbox 128 354 1264 4103">
     <span class='ocr_line' id='line_1_2' title="bbox 204 354 1264 447; baseline 0.001 -21"><span class='ocrx_word' id='word_1_5' title='bbox 204 385 223 426; x_wconf 93' lang='lat' dir='ltr'><strong>a</strong></span> <span class='ocrx_word' id='word_1_6' title='bbox 249 359 426 447; x_wconf 77' lang='lat' dir='ltr'><strong>praeceptis</strong></span> <span class='ocrx_word' id='word_1_7' title='bbox 458 359 574 426; x_wconf 81' lang='lat' dir='ltr'><strong>nostris</strong></span> <span class='ocrx_word' id='word_1_8' title='bbox 607 381 804 425; x_wconf 83' lang='lat' dir='ltr'><strong>secreveram</strong></span> <span class='ocrx_word' id='word_1_9' title='bbox 851 354 938 445; x_wconf 88' lang='lat' dir='ltr'><strong>[sed]</strong></span> <span class='ocrx_word' id='word_1_10' title='bbox 971 368 1003 423; x_wconf 89' lang='lat' dir='ltr'><strong>et</strong></span> <span class='ocrx_word' id='word_1_11' title='bbox 1028 358 1105 442; x_wconf 90' lang='lat' dir='ltr'><strong>quia</strong></span> <span class='ocrx_word' id='word_1_12' title='bbox 1135 358 1218 427; x_wconf 78' lang='lat' dir='ltr'><strong>mutu</strong></span> <span class='ocrx_word' id='word_1_13' title='bbox 1253 399 1264 441; x_wconf 79' lang='lat' dir='ltr'><strong>t</strong></span> 
     </span>
     <span class='ocr_line' id='line_1_3' title="bbox 203 450 1257 539; baseline 0 -20"><span class='ocrx_word' id='word_1_14' title='bbox 203 466 312 520; x_wconf 80' lang='lat' dir='ltr'>essent</span> <span class='ocrx_word' id='word_1_15' title='bbox 337 454 513 520; x_wconf 88' lang='lat' dir='ltr'><strong>orationum</strong></span> <span class='ocrx_word' id='word_1_16' title='bbox 539 475 658 539; x_wconf 86' lang='lat' dir='ltr'><strong>genera</strong></span> <span class='ocrx_word' id='word_1_17' title='bbox 679 463 712 518; x_wconf 91' lang='lat' dir='ltr'><strong>et</strong></span> <span class='ocrx_word' id='word_1_18' title='bbox 732 451 880 539; x_wconf 85' lang='lat' dir='ltr'><strong>graviora</strong></span> <span class='ocrx_word' id='word_1_19' title='bbox 902 464 934 516; x_wconf 92' lang='lat' dir='ltr'><strong>et</strong></span> <span class='ocrx_word' id='word_1_20' title='bbox 954 450 1084 517; x_wconf 86' lang='lat' dir='ltr'><strong>maioris</strong></span> <span class='ocrx_word' id='word_1_21' title='bbox 1112 450 1257 539; x_wconf 86' lang='lat' dir='ltr'><strong>copiae,</strong></span> 
     </span>
     <span class='ocr_line' id='line_1_4' title="bbox 203 546 1217 634; baseline 0.002 -23"><span class='ocrx_word' id='word_1_22' title='bbox 203 549 244 613; x_wconf 92' lang='lat' dir='ltr'><strong>de</strong></span> <span class='ocrx_word' id='word_1_23' title='bbox 262 547 377 631; x_wconf 90' lang='lat' dir='ltr'><strong>quibus</strong></span> <span class='ocrx_word' id='word_1_24' title='bbox 394 570 488 613; x_wconf 92' lang='lat' dir='ltr'><strong>nemo</strong></span> <span class='ocrx_word' id='word_1_25' title='bbox 507 547 573 613; x_wconf 89' lang='lat' dir='ltr'><strong>fere</strong></span> <span class='ocrx_word' id='word_1_26' title='bbox 590 548 795 634; x_wconf 85' lang='lat' dir='ltr'><strong>praeciperet,</strong></span> <span class='ocrx_word' id='word_1_27' title='bbox 814 558 846 611; x_wconf 90' lang='lat' dir='ltr'><strong>et</strong></span> <span class='ocrx_word' id='word_1_28' title='bbox 863 546 949 630; x_wconf 92' lang='lat' dir='ltr'><strong>quod</strong></span> <span class='ocrx_word' id='word_1_29' title='bbox 965 568 1024 611; x_wconf 91' lang='lat' dir='ltr'><strong>nos</strong></span> <span class='ocrx_word' id='word_1_30' title='bbox 1042 546 1217 613; x_wconf 72' lang='lat' dir='ltr'><strong>laudaban-</strong></span> 
     </span>
     <span class='ocr_line' id='line_1_5' title="bbox 202 637 1216 728; baseline -0.001 -21"><span class='ocrx_word' id='word_1_31' title='bbox 202 644 263 709; x_wconf 90' lang='lat' dir='ltr'><strong>bus</strong></span> <span class='ocrx_word' id='word_1_32' title='bbox 281 666 346 708; x_wconf 94' lang='lat' dir='ltr'><strong>non</strong></span> <span class='ocrx_word' id='word_1_33' title='bbox 370 643 416 707; x_wconf 86' lang='lat' dir='ltr'><strong>ita</strong></span> <span class='ocrx_word' id='word_1_34' title='bbox 440 641 574 706; x_wconf 91' lang='lat' dir='ltr'><strong>multum</strong></span> <span class='ocrx_word' id='word_1_35' title='bbox 599 643 646 706; x_wconf 92' lang='lat' dir='ltr'><strong>uti</strong></span> <span class='ocrx_word' id='word_1_36' title='bbox 675 641 847 706; x_wconf 78' lang='lat' dir='ltr'>soleremus</span> <span class='ocrx_word' id='word_1_37' title='bbox 875 637 991 726; x_wconf 88' lang='lat' dir='ltr'><strong>[totum</strong></span> <span class='ocrx_word' id='word_1_38' title='bbox 1012 639 1098 705; x_wconf 89' lang='lat' dir='ltr'><strong>buno</strong></span> <span class='ocrx_word' id='word_1_39' title='bbox 1125 662 1216 728; x_wconf 80' lang='lat' dir='ltr'><strong>segre·</strong></span> 
     </span>
     <span class='ocr_line' id='line_1_6' title="bbox 202 728 1256 823; baseline -0.002 -21"><span class='ocrx_word' id='word_1_40' title='bbox 202 736 320 823; x_wconf 85' lang='lat' dir='ltr'><strong>gaham</strong></span> <span class='ocrx_word' id='word_1_41' title='bbox 333 734 468 822; x_wconf 90' lang='lat' dir='ltr'><strong>locum];</strong></span> <span class='ocrx_word' id='word_1_42' title='bbox 482 735 544 823; x_wconf 91' lang='lat' dir='ltr'><strong>ipsi</strong></span> <span class='ocrx_word' id='word_1_43' title='bbox 558 735 643 800; x_wconf 90' lang='lat' dir='ltr'><strong>enim</strong></span> <span class='ocrx_word' id='word_1_44' title='bbox 657 734 773 801; x_wconf 85' lang='lat' dir='ltr'><strong>Graeci</strong></span> <span class='ocrx_word' id='word_1_45' title='bbox 786 734 888 820; x_wconf 84' lang='lat' dir='ltr'><strong>magis</strong></span> <span class='ocrx_word' id='word_1_46' title='bbox 902 734 1029 821; x_wconf 88' lang='lat' dir='ltr'><strong>legendi</strong></span> <span class='ocrx_word' id='word_1_47' title='bbox 1048 745 1080 800; x_wconf 88' lang='lat' dir='ltr'><strong>et</strong></span> <span class='ocrx_word' id='word_1_48' title='bbox 1094 734 1221 801; x_wconf 81' lang='lat' dir='ltr'><strong>delecta·¹</strong></span> <span class='ocrx_word' id='word_1_49' title='bbox 1248 728 1256 741; x_wconf 65' lang='lat'>⁵</span> 
     </span>
     <span class='ocr_line' id='line_1_7' title="bbox 203 827 1264 912; baseline -0.002 -17"><span class='ocrx_word' id='word_1_50' title='bbox 203 830 297 896; x_wconf 89' lang='lat' dir='ltr'><strong>tionis</strong></span> <span class='ocrx_word' id='word_1_51' title='bbox 316 840 371 895; x_wconf 89' lang='lat' dir='ltr'><strong>aut</strong></span> <span class='ocrx_word' id='word_1_52' title='bbox 388 828 524 894; x_wconf 89' lang='lat' dir='ltr'><strong>hominis</strong></span> <span class='ocrx_word' id='word_1_53' title='bbox 551 829 683 894; x_wconf 88' lang='lat' dir='ltr'><strong>alicuius</strong></span> <span class='ocrx_word' id='word_1_54' title='bbox 711 828 843 894; x_wconf 89' lang='lat' dir='ltr'><strong>ornandi</strong></span> <span class='ocrx_word' id='word_1_55' title='bbox 861 849 956 912; x_wconf 89' lang='lat' dir='ltr'><strong>quam</strong></span> <span class='ocrx_word' id='word_1_56' title='bbox 972 827 1118 893; x_wconf 78' lang='lat' dir='ltr'><strong>utilitatis</strong></span> <span class='ocrx_word' id='word_1_57' title='bbox 1136 827 1214 893; x_wconf 80' lang='lat' dir='ltr'><strong>buius</strong></span> <span class='ocrx_word' id='word_1_58' title='bbox 1262 866 1264 871; x_wconf 95' lang='lat'>·</span> 
     </span>
     <span class='ocr_line' id='line_1_8' title="bbox 202 922 1224 1008; baseline -0.002 -19"><span class='ocrx_word' id='word_1_59' title='bbox 202 923 339 991; x_wconf 87' lang='lat' dir='ltr'><strong>forensis</strong></span> <span class='ocrx_word' id='word_1_60' title='bbox 357 945 455 988; x_wconf 88' lang='lat' dir='ltr'><strong>causa</strong></span> <span class='ocrx_word' id='word_1_61' title='bbox 478 922 676 988; x_wconf 80' lang='lat' dir='ltr'><strong>laudationes</strong></span> <span class='ocrx_word' id='word_1_62' title='bbox 704 922 971 1008; x_wconf 85' lang='lat' dir='ltr'><strong>scriptitaverunt‚</strong></span> <span class='ocrx_word' id='word_1_63' title='bbox 999 943 1135 1006; x_wconf 89' lang='lat' dir='ltr'><strong>quorum</strong></span> <span class='ocrx_word' id='word_1_64' title='bbox 1156 926 1224 987; x_wconf 87' lang='lat' dir='ltr'><strong>sunt&#39;</strong></span> 
     </span>
     <span class='ocr_line' id='line_1_9' title="bbox 202 1016 1226 1103; baseline -0.003 -20"><span class='ocrx_word' id='word_1_65' title='bbox 202 1018 289 1096; x_wconf 90' lang='lat' dir='ltr'><strong>libri,</strong></span> <span class='ocrx_word' id='word_1_66' title='bbox 317 1017 432 1101; x_wconf 91' lang='lat' dir='ltr'><strong>quibus</strong></span> <span class='ocrx_word' id='word_1_67' title='bbox 450 1016 697 1093; x_wconf 85' lang='lat' dir='ltr'><strong>Themistocles,</strong></span> <span class='ocrx_word' id='word_1_68' title='bbox 724 1016 900 1093; x_wconf 83' lang='lat' dir='ltr'><strong>Aristides,</strong></span> <span class='ocrx_word' id='word_1_69' title='bbox 926 1016 1117 1102; x_wconf 81' lang='lat' dir='ltr'><strong>Agesilaus,</strong></span> <span class='ocrx_word' id='word_1_70' title='bbox 1142 1016 1226 1103; x_wconf 71' lang='lat' dir='ltr'><strong>Epa·</strong></span> 
     </span>
     <span class='ocr_line' id='line_1_10' title="bbox 201 1109 1215 1197; baseline 0.002 -22"><span class='ocrx_word' id='word_1_71' title='bbox 201 1112 379 1185; x_wconf 76' lang='lat' dir='ltr'><strong>mimmius,</strong></span> <span class='ocrx_word' id='word_1_72' title='bbox 392 1109 571 1197; x_wconf 88' lang='lat' dir='ltr'><strong>Philippus,</strong></span> <span class='ocrx_word' id='word_1_73' title='bbox 582 1109 767 1175; x_wconf 83' lang='lat' dir='ltr'><strong>Alexander</strong></span> <span class='ocrx_word' id='word_1_74' title='bbox 781 1109 895 1193; x_wconf 90' lang='lat' dir='ltr'><strong>aliique</strong></span> <span class='ocrx_word' id='word_1_75' title='bbox 907 1109 1089 1189; x_wconf 70' lang='lat' dir='ltr'><strong>laudantur-3</strong></span> <span class='ocrx_word' id='word_1_76' title='bbox 1102 1120 1215 1177; x_wconf 76' lang='lat' dir='ltr'><strong>nostrat</strong></span> 
     </span>
     <span class='ocr_line' id='line_1_11' title="bbox 201 1201 1217 1287; baseline -0.003 -17"><span class='ocrx_word' id='word_1_77' title='bbox 201 1204 414 1281; x_wconf 82' lang='lat' dir='ltr'><strong>laudationes,</strong></span> <span class='ocrx_word' id='word_1_78' title='bbox 442 1203 556 1287; x_wconf 93' lang='lat' dir='ltr'><strong>quibus</strong></span> <span class='ocrx_word' id='word_1_79' title='bbox 574 1203 608 1267; x_wconf 88' lang='lat' dir='ltr'><strong>in</strong></span> <span class='ocrx_word' id='word_1_80' title='bbox 625 1204 694 1269; x_wconf 87' lang='lat' dir='ltr'><strong>foro</strong></span> <span class='ocrx_word' id='word_1_81' title='bbox 721 1201 851 1281; x_wconf 87' lang='lat' dir='ltr'><strong>utimur,</strong></span> <span class='ocrx_word' id='word_1_82' title='bbox 880 1213 935 1267; x_wconf 88' lang='lat' dir='ltr'><strong>aut</strong></span> <span class='ocrx_word' id='word_1_83' title='bbox 960 1202 1133 1268; x_wconf 90' lang='lat' dir='ltr'><strong>testimonii</strong></span> <span class='ocrx_word' id='word_1_84' title='bbox 1158 1203 1217 1269; x_wconf 86' lang='lat' dir='ltr'><strong>bre-</strong></span> 
     </span>
     <span class='ocr_line' id='line_1_12' title="bbox 201 1296 1218 1380; baseline -0.002 -17"><span class='ocrx_word' id='word_1_85' title='bbox 201 1300 332 1363; x_wconf 85' lang='lat' dir='ltr'><strong>vitatem</strong></span> <span class='ocrx_word' id='word_1_86' title='bbox 357 1296 476 1363; x_wconf 86' lang='lat' dir='ltr'><strong>babent</strong></span> <span class='ocrx_word' id='word_1_87' title='bbox 500 1297 619 1362; x_wconf 90' lang='lat' dir='ltr'><strong>nudam</strong></span> <span class='ocrx_word' id='word_1_88' title='bbox 645 1308 739 1380; x_wconf 91' lang='lat' dir='ltr'><strong>atque</strong></span> <span class='ocrx_word' id='word_1_89' title='bbox 768 1297 945 1361; x_wconf 84' lang='lat' dir='ltr'><strong>inornata-m</strong></span> <span class='ocrx_word' id='word_1_90' title='bbox 971 1307 1025 1361; x_wconf 92' lang='lat' dir='ltr'><strong>aut</strong></span> <span class='ocrx_word' id='word_1_91' title='bbox 1051 1296 1218 1362; x_wconf 84' lang='lat' dir='ltr'><strong>scribuntur</strong></span> 
     </span>
     <span class='ocr_line' id='line_1_13' title="bbox 203 1388 1234 1483; baseline -0.003 -27"><span class='ocrx_word' id='word_1_92' title='bbox 203 1392 245 1456; x_wconf 88' lang='lat' dir='ltr'><strong>ad</strong></span> <span class='ocrx_word' id='word_1_93' title='bbox 270 1392 436 1457; x_wconf 88' lang='lat' dir='ltr'><strong>funebrem</strong></span> <span class='ocrx_word' id='word_1_94' title='bbox 463 1391 655 1469; x_wconf 88' lang='lat' dir='ltr'><strong>contionem,</strong></span> <span class='ocrx_word' id='word_1_95' title='bbox 683 1413 764 1474; x_wconf 92' lang='lat' dir='ltr'><strong>quae</strong></span> <span class='ocrx_word' id='word_1_96' title='bbox 788 1390 829 1454; x_wconf 90' lang='lat' dir='ltr'><strong>ad</strong></span> <span class='ocrx_word' id='word_1_97' title='bbox 855 1389 1005 1456; x_wconf 89' lang='lat' dir='ltr'><strong>orationis</strong></span> <span class='ocrx_word' id='word_1_98' title='bbox 1026 1390 1155 1455; x_wconf 89' lang='lat' dir='ltr'><strong>laudem</strong></span> <span class='ocrx_word' id='word_1_99' title='bbox 1170 1388 1234 1483; x_wconf 55' lang='lat' dir='ltr'><strong>mi,</strong></span> 
     </span>
     <span class='ocr_line' id='line_1_14' title="bbox 202 1482 1218 1567; baseline -0.004 -16"><span class='ocrx_word' id='word_1_100' title='bbox 202 1485 287 1551; x_wconf 88' lang='lat' dir='ltr'><strong>nime</strong></span> <span class='ocrx_word' id='word_1_101' title='bbox 306 1486 546 1552; x_wconf 86' lang='lat' dir='ltr'><strong>adcommodata</strong></span> <span class='ocrx_word' id='word_1_102' title='bbox 563 1496 627 1550; x_wconf 88' lang='lat' dir='ltr'><strong>est:</strong></span> <span class='ocrx_word' id='word_1_103' title='bbox 650 1485 708 1548; x_wconf 87' lang='lat' dir='ltr'><strong>sed</strong></span> <span class='ocrx_word' id='word_1_104' title='bbox 726 1496 842 1562; x_wconf 85' lang='lat' dir='ltr'><strong>tamen,</strong></span> <span class='ocrx_word' id='word_1_105' title='bbox 861 1484 1011 1567; x_wconf 90' lang='lat' dir='ltr'><strong>quoniam</strong></span> <span class='ocrx_word' id='word_1_106' title='bbox 1028 1494 1061 1549; x_wconf 90' lang='lat' dir='ltr'><strong>et</strong></span> <span class='ocrx_word' id='word_1_107' title='bbox 1077 1482 1218 1549; x_wconf 83' lang='lat' dir='ltr'><strong>utendum</strong></span> 
     </span>
     <span class='ocr_line' id='line_1_15' title="bbox 203 1575 1228 1664; baseline -0.003 -20"><span class='ocrx_word' id='word_1_108' title='bbox 203 1580 386 1664; x_wconf 84' lang='lat' dir='ltr'><strong>aliquando,</strong></span> <span class='ocrx_word' id='word_1_109' title='bbox 417 1603 481 1645; x_wconf 92' lang='lat' dir='ltr'><strong>non</strong></span> <span class='ocrx_word' id='word_1_110' title='bbox 506 1601 679 1662; x_wconf 83' lang='lat' dir='ltr'><strong>numquam</strong></span> <span class='ocrx_word' id='word_1_111' title='bbox 704 1578 800 1642; x_wconf 88' lang='lat' dir='ltr'><strong>etiam</strong></span> <span class='ocrx_word' id='word_1_112' title='bbox 827 1577 1041 1655; x_wconf 89' lang='lat' dir='ltr'><strong>scribendum,</strong></span> <span class='ocrx_word' id='word_1_113' title='bbox 1073 1577 1161 1643; x_wconf 85' lang='lat' dir='ltr'><strong>velut</strong></span> <span class='ocrx_word' id='word_1_114' title='bbox 1182 1575 1228 1659; x_wconf 66' lang='lat' dir='ltr'><strong>Q,</strong></span> 
     </span>
     <span class='ocr_line' id='line_1_16' title="bbox 202 1670 1237 1758; baseline -0.001 -20"><span class='ocrx_word' id='word_1_115' title='bbox 202 1674 363 1739; x_wconf 85' lang='lat' dir='ltr'><strong>Tuberoni</strong></span> <span class='ocrx_word' id='word_1_116' title='bbox 376 1673 564 1737; x_wconf 84' lang='lat' dir='ltr'><strong>Africanum</strong></span> <span class='ocrx_word' id='word_1_117' title='bbox 582 1672 772 1736; x_wconf 85' lang='lat' dir='ltr'><strong>avunculum</strong></span> <span class='ocrx_word' id='word_1_118' title='bbox 789 1671 932 1737; x_wconf 85' lang='lat' dir='ltr'><strong>laudanti</strong></span> <span class='ocrx_word' id='word_1_119' title='bbox 949 1671 1077 1758; x_wconf 79' lang='lat' dir='ltr'><strong>scripsit</strong></span> <span class='ocrx_word' id='word_1_120' title='bbox 1089 1670 1129 1737; x_wconf 84' lang='lat' dir='ltr'><strong>C.</strong></span> <span class='ocrx_word' id='word_1_121' title='bbox 1143 1670 1220 1737; x_wconf 83' lang='lat' dir='ltr'><strong>Lae·</strong></span> <span class='ocrx_word' id='word_1_122' title='bbox 1234 1698 1237 1709; x_wconf 93' lang='lat'>·</span> 
     </span>
     <span class='ocr_line' id='line_1_17' title="bbox 200 1763 1233 1851; baseline 0.001 -21"><span class='ocrx_word' id='word_1_123' title='bbox 200 1768 278 1842; x_wconf 89' lang='lat' dir='ltr'><strong>lius,</strong></span> <span class='ocrx_word' id='word_1_124' title='bbox 304 1766 393 1830; x_wconf 87' lang='lat' dir='ltr'><strong>velut</strong></span> <span class='ocrx_word' id='word_1_125' title='bbox 408 1776 535 1830; x_wconf 85' lang='lat' dir='ltr'><strong>nosmet</strong></span> <span class='ocrx_word' id='word_1_126' title='bbox 550 1765 612 1851; x_wconf 91' lang='lat' dir='ltr'><strong>ipsi</strong></span> <span class='ocrx_word' id='word_1_127' title='bbox 638 1765 771 1831; x_wconf 89' lang='lat' dir='ltr'><strong>ornandi</strong></span> <span class='ocrx_word' id='word_1_128' title='bbox 797 1786 895 1830; x_wconf 89' lang='lat' dir='ltr'><strong>causa</strong></span> <span class='ocrx_word' id='word_1_129' title='bbox 913 1763 1109 1831; x_wconf 88' lang='lat' dir='ltr'><strong>Graecorum</strong></span> <span class='ocrx_word' id='word_1_130' title='bbox 1130 1784 1233 1841; x_wconf 80' lang='lat' dir='ltr'><strong>more,¹</strong></span> 
     </span>
     <span class='ocr_line' id='line_1_18' title="bbox 202 1858 1239 1945; baseline 0 -22"><span class='ocrx_word' id='word_1_131' title='bbox 202 1860 230 1923; x_wconf 88' lang='lat' dir='ltr'><strong>si</strong></span> <span class='ocrx_word' id='word_1_132' title='bbox 248 1881 327 1943; x_wconf 92' lang='lat' dir='ltr'><strong>quos</strong></span> <span class='ocrx_word' id='word_1_133' title='bbox 350 1858 499 1936; x_wconf 87' lang='lat' dir='ltr'><strong>velimus,</strong></span> <span class='ocrx_word' id='word_1_134' title='bbox 526 1858 655 1923; x_wconf 89' lang='lat' dir='ltr'><strong>laudare</strong></span> <span class='ocrx_word' id='word_1_135' title='bbox 673 1881 859 1945; x_wconf 88' lang='lat' dir='ltr'><strong>possumus,</strong></span> <span class='ocrx_word' id='word_1_136' title='bbox 888 1858 928 1924; x_wconf 92' lang='lat' dir='ltr'><strong>sit</strong></span> <span class='ocrx_word' id='word_1_137' title='bbox 945 1882 965 1923; x_wconf 89' lang='lat' dir='ltr'><strong>a</strong></span> <span class='ocrx_word' id='word_1_138' title='bbox 981 1859 1075 1924; x_wconf 92' lang='lat' dir='ltr'><strong>uobis</strong></span> <span class='ocrx_word' id='word_1_139' title='bbox 1103 1880 1239 1943; x_wconf 84' lang='lat' dir='ltr'><strong>quoquc·</strong></span> 
     </span>
     <span class='ocr_line' id='line_1_19' title="bbox 144 1950 1241 2039; baseline -0.005 -18"><span class='ocrx_word' id='word_1_140' title='bbox 144 1980 184 2021; x_wconf 78' lang='lat' dir='ltr'><strong>aa</strong></span> <span class='ocrx_word' id='word_1_141' title='bbox 202 1961 353 2016; x_wconf 88' lang='lat' dir='ltr'><strong>tractatus</strong></span> <span class='ocrx_word' id='word_1_142' title='bbox 381 1950 434 2015; x_wconf 87' lang='lat' dir='ltr'><strong>hie</strong></span> <span class='ocrx_word' id='word_1_143' title='bbox 459 1950 558 2018; x_wconf 87' lang='lat' dir='ltr'><strong>locus.</strong></span> <span class='ocrx_word' id='word_1_144' title='bbox 603 1952 804 2039; x_wconf 89' lang='lat' dir='ltr'><strong>perspicuum</strong></span> <span class='ocrx_word' id='word_1_145' title='bbox 826 1962 876 2017; x_wconf 85' lang='lat' dir='ltr'><strong>est</strong></span> <span class='ocrx_word' id='word_1_146' title='bbox 900 1952 996 2039; x_wconf 86' lang='lat' dir='ltr'><strong>igitur</strong></span> <span class='ocrx_word' id='word_1_147' title='bbox 1019 1952 1081 2017; x_wconf 90' lang='lat' dir='ltr'><strong>alia</strong></span> <span class='ocrx_word' id='word_1_148' title='bbox 1106 1975 1177 2019; x_wconf 91' lang='lat' dir='ltr'><strong>esse</strong></span> <span class='ocrx_word' id='word_1_149' title='bbox 1192 1950 1241 2015; x_wconf 81' lang='lat' dir='ltr'><strong>in·</strong></span> 
     </span>
     <span class='ocr_line' id='line_1_20' title="bbox 128 2045 1244 2135; baseline 0.002 -25"><span class='ocrx_word' id='word_1_150' title='bbox 128 2092 131 2097; x_wconf 92' lang='lat'>-</span> <span class='ocrx_word' id='word_1_151' title='bbox 200 2045 326 2111; x_wconf 89' lang='lat' dir='ltr'><strong>homine</strong></span> <span class='ocrx_word' id='word_1_152' title='bbox 340 2045 488 2133; x_wconf 88' lang='lat' dir='ltr'><strong>optanda,</strong></span> <span class='ocrx_word' id='word_1_153' title='bbox 503 2046 565 2111; x_wconf 88' lang='lat' dir='ltr'><strong>alia</strong></span> <span class='ocrx_word' id='word_1_154' title='bbox 578 2045 750 2111; x_wconf 87' lang='lat' dir='ltr'><strong>laudanda:</strong></span> <span class='ocrx_word' id='word_1_155' title='bbox 769 2068 880 2133; x_wconf 83' lang='lat' dir='ltr'><strong>genus,</strong></span> <span class='ocrx_word' id='word_1_156' title='bbox 899 2046 1011 2125; x_wconf 85' lang='lat' dir='ltr'><strong>forma,</strong></span> <span class='ocrx_word' id='word_1_157' title='bbox 1030 2046 1125 2125; x_wconf 88' lang='lat' dir='ltr'><strong>vires,</strong></span> <span class='ocrx_word' id='word_1_158' title='bbox 1140 2068 1219 2132; x_wconf 84' lang='lat' dir='ltr'><strong>opes,</strong></span> <span class='ocrx_word' id='word_1_159' title='bbox 1236 2092 1244 2135; x_wconf 88' lang='lat'><strong>·.</strong></span> 
     </span>
     <span class='ocr_line' id='line_1_21' title="bbox 201 2139 1237 2223; baseline 0 -20"><span class='ocrx_word' id='word_1_160' title='bbox 201 2139 329 2204; x_wconf 89' lang='lat' dir='ltr'><strong>divitiae</strong></span> <span class='ocrx_word' id='word_1_161' title='bbox 352 2150 535 2223; x_wconf 89' lang='lat' dir='ltr'><strong>ceteraque,</strong></span> <span class='ocrx_word' id='word_1_162' title='bbox 561 2162 641 2223; x_wconf 92' lang='lat' dir='ltr'><strong>quae</strong></span> <span class='ocrx_word' id='word_1_163' title='bbox 659 2140 786 2206; x_wconf 85' lang='lat' dir='ltr'><strong>fortuna</strong></span> <span class='ocrx_word' id='word_1_164' title='bbox 804 2140 859 2204; x_wconf 90' lang='lat' dir='ltr'><strong>dat</strong></span> <span class='ocrx_word' id='word_1_165' title='bbox 880 2150 935 2203; x_wconf 91' lang='lat' dir='ltr'><strong>aut</strong></span> <span class='ocrx_word' id='word_1_166' title='bbox 959 2139 1157 2205; x_wconf 87' lang='lat' dir='ltr'><strong>extrinsecus</strong></span> <span class='ocrx_word' id='word_1_167' title='bbox 1174 2150 1237 2205; x_wconf 86' lang='lat' dir='ltr'><strong>aut.</strong></span> 
     </span>
     <span class='ocr_line' id='line_1_22' title="bbox 199 2232 1240 2319; baseline 0.002 -23"><span class='ocrx_word' id='word_1_168' title='bbox 199 2233 332 2319; x_wconf 83' lang='lat' dir='ltr'><strong>corpori,</strong></span> <span class='ocrx_word' id='word_1_169' title='bbox 350 2256 415 2298; x_wconf 94' lang='lat' dir='ltr'><strong>non</strong></span> <span class='ocrx_word' id='word_1_170' title='bbox 432 2233 550 2298; x_wconf 90' lang='lat' dir='ltr'><strong>habent</strong></span> <span class='ocrx_word' id='word_1_171' title='bbox 562 2233 595 2297; x_wconf 93' lang='lat' dir='ltr'><strong>iu</strong></span> <span class='ocrx_word' id='word_1_172' title='bbox 614 2256 648 2298; x_wconf 93' lang='lat' dir='ltr'><strong>se</strong></span> <span class='ocrx_word' id='word_1_173' title='bbox 666 2256 774 2297; x_wconf 86' lang='lat' dir='ltr'><strong>veram</strong></span> <span class='ocrx_word' id='word_1_174' title='bbox 789 2233 924 2311; x_wconf 89' lang='lat' dir='ltr'><strong>laudem,</strong></span> <span class='ocrx_word' id='word_1_175' title='bbox 943 2255 1025 2317; x_wconf 86' lang='lat' dir='ltr'><strong>quae</strong></span> <span class='ocrx_word' id='word_1_176' title='bbox 1039 2233 1150 2298; x_wconf 81' lang='lat' dir='ltr'><strong>deberi</strong></span> <span class='ocrx_word' id='word_1_177' title='bbox 1166 2232 1240 2319; x_wconf 57' lang='lat' dir='ltr'><strong>vir-1</strong></span> 
     </span>
     <span class='ocr_line' id='line_1_23' title="bbox 199 2327 1223 2413; baseline 0.001 -23"><span class='ocrx_word' id='word_1_178' title='bbox 199 2327 259 2391; x_wconf 88' lang='lat' dir='ltr'><strong>tuti</strong></span> <span class='ocrx_word' id='word_1_179' title='bbox 272 2327 327 2390; x_wconf 90' lang='lat' dir='ltr'><strong>uni</strong></span> <span class='ocrx_word' id='word_1_180' title='bbox 338 2338 479 2413; x_wconf 63' lang='lat' dir='ltr'><strong>putatum</strong></span> <span class='ocrx_word' id='word_1_181' title='bbox 500 2327 557 2392; x_wconf 93' lang='lat' dir='ltr'><strong>sed</strong></span> <span class='ocrx_word' id='word_1_182' title='bbox 574 2338 689 2406; x_wconf 88' lang='lat' dir='ltr'><strong>tamen,</strong></span> <span class='ocrx_word' id='word_1_183' title='bbox 708 2327 793 2411; x_wconf 92' lang='lat' dir='ltr'><strong>quod</strong></span> <span class='ocrx_word' id='word_1_184' title='bbox 810 2327 881 2413; x_wconf 88' lang='lat' dir='ltr'><strong>ipsa</strong></span> <span class='ocrx_word' id='word_1_185' title='bbox 894 2327 993 2392; x_wconf 82' lang='lat' dir='ltr'><strong>virtus</strong></span> <span class='ocrx_word' id='word_1_186' title='bbox 1007 2327 1042 2392; x_wconf 90' lang='lat' dir='ltr'><strong>in</strong></span> <span class='ocrx_word' id='word_1_187' title='bbox 1054 2349 1166 2392; x_wconf 87' lang='lat' dir='ltr'><strong>earum</strong></span> <span class='ocrx_word' id='word_1_188' title='bbox 1177 2348 1223 2391; x_wconf 88' lang='lat' dir='ltr'><strong>re-</strong></span> 
     </span>
     <span class='ocr_line' id='line_1_24' title="bbox 198 2409 1249 2498; baseline -0.001 -13"><span class='ocrx_word' id='word_1_189' title='bbox 198 2444 270 2485; x_wconf 90' lang='lat' dir='ltr'><strong>rum</strong></span> <span class='ocrx_word' id='word_1_190' title='bbox 295 2442 357 2484; x_wconf 94' lang='lat' dir='ltr'><strong>usu</strong></span> <span class='ocrx_word' id='word_1_191' title='bbox 375 2442 412 2484; x_wconf 88' lang='lat' dir='ltr'><strong>ac</strong></span> <span class='ocrx_word' id='word_1_192' title='bbox 428 2420 644 2486; x_wconf 89' lang='lat' dir='ltr'><strong>moderatione</strong></span> <span class='ocrx_word' id='word_1_193' title='bbox 670 2421 808 2485; x_wconf 87' lang='lat' dir='ltr'><strong>maxime</strong></span> <span class='ocrx_word' id='word_1_194' title='bbox 834 2420 984 2498; x_wconf 85' lang='lat' dir='ltr'><strong>cernitur,</strong></span> <span class='ocrx_word' id='word_1_195' title='bbox 1012 2421 1179 2487; x_wconf 85' lang='lat' dir='ltr'><strong>tractanda</strong></span> <span class='ocrx_word' id='word_1_196' title='bbox 1192 2418 1224 2484; x_wconf 91' lang='lat' dir='ltr'><strong>in</strong></span> <span class='ocrx_word' id='word_1_197' title='bbox 1244 2409 1249 2425; x_wconf 77' lang='lat'>&#39;</span> 
     </span>
     <span class='ocr_line' id='line_1_25' title="bbox 198 2513 1225 2593; baseline 0.002 -16"><span class='ocrx_word' id='word_1_198' title='bbox 198 2513 432 2579; x_wconf 86' lang='lat' dir='ltr'><strong>laudationibus</strong></span> <span class='ocrx_word' id='word_1_199' title='bbox 457 2513 552 2578; x_wconf 90' lang='lat' dir='ltr'><strong>etiam</strong></span> <span class='ocrx_word' id='word_1_200' title='bbox 574 2513 654 2578; x_wconf 89' lang='lat' dir='ltr'><strong>haec</strong></span> <span class='ocrx_word' id='word_1_201' title='bbox 672 2524 746 2578; x_wconf 88' lang='lat' dir='ltr'><strong>sunt</strong></span> <span class='ocrx_word' id='word_1_202' title='bbox 771 2524 902 2579; x_wconf 87' lang='lat' dir='ltr'><strong>naturae</strong></span> <span class='ocrx_word' id='word_1_203' title='bbox 920 2525 953 2579; x_wconf 93' lang='lat' dir='ltr'><strong>et</strong></span> <span class='ocrx_word' id='word_1_204' title='bbox 969 2513 1114 2580; x_wconf 86' lang='lat' dir='ltr'><strong>fortunae</strong></span> <span class='ocrx_word' id='word_1_205' title='bbox 1132 2514 1225 2593; x_wconf 87' lang='lat' dir='ltr'><strong>bona,</strong></span> 
     </span>
     <span class='ocr_line' id='line_1_26' title="bbox 197 2606 1254 2694; baseline 0 -23"><span class='ocrx_word' id='word_1_206' title='bbox 197 2608 364 2691; x_wconf 90' lang='lat' dir='ltr'><strong>inquibus</strong></span> <span class='ocrx_word' id='word_1_207' title='bbox 392 2617 442 2671; x_wconf 89' lang='lat' dir='ltr'><strong>est</strong></span> <span class='ocrx_word' id='word_1_208' title='bbox 464 2630 587 2671; x_wconf 89' lang='lat' dir='ltr'><strong>summa</strong></span> <span class='ocrx_word' id='word_1_209' title='bbox 604 2608 674 2671; x_wconf 89' lang='lat' dir='ltr'><strong>laus</strong></span> <span class='ocrx_word' id='word_1_210' title='bbox 692 2630 756 2672; x_wconf 91' lang='lat' dir='ltr'><strong>non</strong></span> <span class='ocrx_word' id='word_1_211' title='bbox 782 2607 932 2672; x_wconf 84' lang='lat' dir='ltr'><strong>extulisse</strong></span> <span class='ocrx_word' id='word_1_212' title='bbox 951 2606 1037 2672; x_wconf 89' lang='lat' dir='ltr'><strong>sein</strong></span> <span class='ocrx_word' id='word_1_213' title='bbox 1058 2618 1225 2694; x_wconf 87' lang='lat' dir='ltr'><strong>potestate,</strong></span> <span class='ocrx_word' id='word_1_214' title='bbox 1251 2666 1254 2671; x_wconf 92' lang='lat'>.</span> 
     </span>
     <span class='ocr_line' id='line_1_27' title="bbox 197 2700 1264 2787; baseline 0.003 -24"><span class='ocrx_word' id='word_1_215' title='bbox 197 2722 262 2763; x_wconf 90' lang='lat' dir='ltr'><strong>uon</strong></span> <span class='ocrx_word' id='word_1_216' title='bbox 280 2701 379 2764; x_wconf 85' lang='lat' dir='ltr'><strong>fuisse</strong></span> <span class='ocrx_word' id='word_1_217' title='bbox 397 2700 586 2764; x_wconf 87' lang='lat' dir='ltr'><strong>insolentem</strong></span> <span class='ocrx_word' id='word_1_218' title='bbox 602 2700 636 2763; x_wconf 90' lang='lat' dir='ltr'><strong>in</strong></span> <span class='ocrx_word' id='word_1_219' title='bbox 653 2701 797 2787; x_wconf 89' lang='lat' dir='ltr'><strong>pecunia,</strong></span> <span class='ocrx_word' id='word_1_220' title='bbox 815 2722 880 2767; x_wconf 91' lang='lat' dir='ltr'><strong>non</strong></span> <span class='ocrx_word' id='word_1_221' title='bbox 898 2723 932 2766; x_wconf 91' lang='lat' dir='ltr'><strong>se</strong></span> <span class='ocrx_word' id='word_1_222' title='bbox 949 2700 1140 2787; x_wconf 84' lang='lat' dir='ltr'><strong>praetulisse</strong></span> <span class='ocrx_word' id='word_1_223' title='bbox 1158 2700 1224 2766; x_wconf 86' lang='lat' dir='ltr'><strong>aliis</strong></span> <span class='ocrx_word' id='word_1_224' title='bbox 1259 2749 1264 2773; x_wconf 80' lang='grc'><strong>,.</strong></span> 
     </span>
     <span class='ocr_line' id='line_1_28' title="bbox 196 2784 1264 2881; baseline 0.01 -26"><span class='ocrx_word' id='word_1_225' title='bbox 196 2803 326 2877; x_wconf 88' lang='lat' dir='ltr'><strong>propter</strong></span> <span class='ocrx_word' id='word_1_226' title='bbox 353 2792 578 2857; x_wconf 86' lang='lat' dir='ltr'><strong>abundantiam</strong></span> <span class='ocrx_word' id='word_1_227' title='bbox 609 2793 769 2872; x_wconf 86' lang='lat' dir='ltr'><strong>fortunae,</strong></span> <span class='ocrx_word' id='word_1_228' title='bbox 800 2807 836 2859; x_wconf 92' lang='lat' dir='ltr'><strong>ut</strong></span> <span class='ocrx_word' id='word_1_229' title='bbox 863 2818 939 2881; x_wconf 87' lang='lat' dir='ltr'><strong>opes</strong></span> <span class='ocrx_word' id='word_1_230' title='bbox 967 2805 998 2859; x_wconf 92' lang='lat' dir='ltr'><strong>et</strong></span> <span class='ocrx_word' id='word_1_231' title='bbox 1025 2795 1137 2881; x_wconf 89' lang='lat' dir='ltr'><strong>copiae</strong></span> <span class='ocrx_word' id='word_1_232' title='bbox 1163 2818 1226 2862; x_wconf 86' lang='lat' dir='ltr'><strong>non</strong></span> <span class='ocrx_word' id='word_1_233' title='bbox 1253 2784 1264 2867; x_wconf 68' lang='lat'><strong>,³</strong></span> 
     </span>
     <span class='ocr_line' id='line_1_29' title="bbox 198 2885 1264 2969; baseline 0.005 -19"><span class='ocrx_word' id='word_1_234' title='bbox 198 2885 364 2969; x_wconf 88' lang='lat' dir='ltr'><strong>superbiae</strong></span> <span class='ocrx_word' id='word_1_235' title='bbox 390 2885 557 2950; x_wconf 87' lang='lat' dir='ltr'><strong>videantur</strong></span> <span class='ocrx_word' id='word_1_236' title='bbox 575 2907 612 2950; x_wconf 91' lang='lat' dir='ltr'><strong>ac</strong></span> <span class='ocrx_word' id='word_1_237' title='bbox 629 2886 765 2965; x_wconf 90' lang='lat' dir='ltr'><strong>libidini,</strong></span> <span class='ocrx_word' id='word_1_238' title='bbox 794 2888 851 2952; x_wconf 91' lang='lat' dir='ltr'><strong>sed</strong></span> <span class='ocrx_word' id='word_1_239' title='bbox 867 2888 1000 2953; x_wconf 89' lang='lat' dir='ltr'><strong>bonitati</strong></span> <span class='ocrx_word' id='word_1_240' title='bbox 1018 2910 1055 2954; x_wconf 88' lang='lat' dir='ltr'><strong>ac</strong></span> <span class='ocrx_word' id='word_1_241' title='bbox 1081 2890 1228 2955; x_wconf 88' lang='lat' dir='ltr'><strong>modera·</strong></span> <span class='ocrx_word' id='word_1_242' title='bbox 1262 2898 1264 2904; x_wconf 83' lang='grc'><em>’</em></span> 
     </span>
     <span class='ocr_line' id='line_1_30' title="bbox 139 2976 1227 3068; baseline 0.003 -22"><span class='ocrx_word' id='word_1_243' title='bbox 139 3004 179 3046; x_wconf 75' lang='grc' dir='ltr'><strong>ιιι</strong></span> <span class='ocrx_word' id='word_1_244' title='bbox 197 2976 274 3042; x_wconf 90' lang='lat' dir='ltr'><strong>tioni</strong></span> <span class='ocrx_word' id='word_1_245' title='bbox 291 2977 474 3043; x_wconf 84' lang='lat' dir='ltr'><strong>facultatem</strong></span> <span class='ocrx_word' id='word_1_246' title='bbox 492 2991 524 3044; x_wconf 88' lang='lat' dir='ltr'><strong>et</strong></span> <span class='ocrx_word' id='word_1_247' title='bbox 540 2980 705 3044; x_wconf 88' lang='lat' dir='ltr'><strong>materiam</strong></span> <span class='ocrx_word' id='word_1_248' title='bbox 723 2981 849 3046; x_wconf 89' lang='lat' dir='ltr'><strong>dedisse</strong></span> <span class='ocrx_word' id='word_1_249' title='bbox 854 3007 864 3060; x_wconf 92' lang='lat'>;</span> <span class='ocrx_word' id='word_1_250' title='bbox 887 2982 986 3047; x_wconf 88' lang='lat' dir='ltr'><strong>virtus</strong></span> <span class='ocrx_word' id='word_1_251' title='bbox 1005 2992 1125 3061; x_wconf 89' lang='lat' dir='ltr'><strong>autem,</strong></span> <span class='ocrx_word' id='word_1_252' title='bbox 1146 3004 1227 3068; x_wconf 84' lang='lat' dir='ltr'><strong>quae</strong></span> 
     </span>
     <span class='ocr_line' id='line_1_31' title="bbox 197 3073 1228 3161; baseline 0.005 -24"><span class='ocrx_word' id='word_1_253' title='bbox 197 3082 246 3138; x_wconf 91' lang='lat' dir='ltr'><strong>est</strong></span> <span class='ocrx_word' id='word_1_254' title='bbox 262 3094 320 3161; x_wconf 88' lang='lat' dir='ltr'><strong>per</strong></span> <span class='ocrx_word' id='word_1_255' title='bbox 338 3095 372 3137; x_wconf 89' lang='lat' dir='ltr'><strong>se</strong></span> <span class='ocrx_word' id='word_1_256' title='bbox 390 3073 461 3159; x_wconf 89' lang='lat' dir='ltr'><strong>ipsa</strong></span> <span class='ocrx_word' id='word_1_257' title='bbox 477 3073 644 3138; x_wconf 88' lang='lat' dir='ltr'><strong>laudabilis</strong></span> <span class='ocrx_word' id='word_1_258' title='bbox 662 3084 695 3139; x_wconf 90' lang='lat' dir='ltr'><strong>et</strong></span> <span class='ocrx_word' id='word_1_259' title='bbox 712 3074 780 3139; x_wconf 89' lang='lat' dir='ltr'><strong>sine</strong></span> <span class='ocrx_word' id='word_1_260' title='bbox 799 3096 862 3158; x_wconf 91' lang='lat' dir='ltr'><strong>qua</strong></span> <span class='ocrx_word' id='word_1_261' title='bbox 874 3075 953 3141; x_wconf 90' lang='lat' dir='ltr'><strong>nihil</strong></span> <span class='ocrx_word' id='word_1_262' title='bbox 969 3075 1092 3141; x_wconf 89' lang='lat' dir='ltr'><strong>laudari</strong></span> <span class='ocrx_word' id='word_1_263' title='bbox 1108 3088 1228 3161; x_wconf 86' lang='lat' dir='ltr'><strong>potest,</strong></span> 
     </span>
     <span class='ocr_line' id='line_1_32' title="bbox 196 3166 1228 3254; baseline 0.005 -24"><span class='ocrx_word' id='word_1_264' title='bbox 196 3177 303 3231; x_wconf 86' lang='lat' dir='ltr'><strong>tamen</strong></span> <span class='ocrx_word' id='word_1_265' title='bbox 319 3167 415 3232; x_wconf 90' lang='lat' dir='ltr'><strong>habet</strong></span> <span class='ocrx_word' id='word_1_266' title='bbox 440 3166 539 3254; x_wconf 92' lang='lat' dir='ltr'><strong>pluris</strong></span> <span class='ocrx_word' id='word_1_267' title='bbox 565 3168 678 3254; x_wconf 89' lang='lat' dir='ltr'><strong>partis,</strong></span> <span class='ocrx_word' id='word_1_268' title='bbox 707 3191 839 3252; x_wconf 90' lang='lat' dir='ltr'><strong>quarum</strong></span> <span class='ocrx_word' id='word_1_269' title='bbox 865 3169 993 3234; x_wconf 88' lang='lat' dir='ltr'><strong>aliaest</strong></span> <span class='ocrx_word' id='word_1_270' title='bbox 1011 3168 1073 3234; x_wconf 85' lang='lat' dir='ltr'><strong>ulia</strong></span> <span class='ocrx_word' id='word_1_271' title='bbox 1098 3169 1142 3235; x_wconf 88' lang='lat' dir='ltr'><strong>ad</strong></span> <span class='ocrx_word' id='word_1_272' title='bbox 1159 3170 1228 3235; x_wconf 92' lang='lat' dir='ltr'><strong>lau-</strong></span> 
     </span>
     <span class='ocr_line' id='line_1_33' title="bbox 197 3260 1229 3348; baseline 0.005 -23"><span class='ocrx_word' id='word_1_273' title='bbox 197 3260 357 3326; x_wconf 87' lang='lat' dir='ltr'><strong>dationem</strong></span> <span class='ocrx_word' id='word_1_274' title='bbox 375 3261 490 3348; x_wconf 83' lang='lat' dir='ltr'><strong>aptior3</strong></span> <span class='ocrx_word' id='word_1_275' title='bbox 518 3272 592 3327; x_wconf 91' lang='lat' dir='ltr'><strong>sunt</strong></span> <span class='ocrx_word' id='word_1_276' title='bbox 610 3262 693 3327; x_wconf 90' lang='lat' dir='ltr'><strong>enirn</strong></span> <span class='ocrx_word' id='word_1_277' title='bbox 712 3262 791 3328; x_wconf 84' lang='lat' dir='ltr'><strong>aliae</strong></span> <span class='ocrx_word' id='word_1_278' title='bbox 809 3263 955 3342; x_wconf 89' lang='lat' dir='ltr'><strong>virtutes,</strong></span> <span class='ocrx_word' id='word_1_279' title='bbox 979 3284 1060 3347; x_wconf 87' lang='lat' dir='ltr'><strong>quae</strong></span> <span class='ocrx_word' id='word_1_280' title='bbox 1077 3262 1229 3329; x_wconf 88' lang='lat' dir='ltr'><strong>videntur</strong></span> 
     </span>
     <span class='ocr_line' id='line_1_34' title="bbox 195 3354 1229 3440; baseline 0.006 -23"><span class='ocrx_word' id='word_1_281' title='bbox 195 3354 229 3418; x_wconf 90' lang='lat' dir='ltr'><strong>in</strong></span> <span class='ocrx_word' id='word_1_282' title='bbox 246 3354 386 3420; x_wconf 91' lang='lat' dir='ltr'><strong>moribus</strong></span> <span class='ocrx_word' id='word_1_283' title='bbox 404 3354 567 3421; x_wconf 92' lang='lat' dir='ltr'><strong>hominum</strong></span> <span class='ocrx_word' id='word_1_284' title='bbox 585 3368 617 3421; x_wconf 92' lang='lat' dir='ltr'><strong>et</strong></span> <span class='ocrx_word' id='word_1_285' title='bbox 634 3357 770 3440; x_wconf 89' lang='lat' dir='ltr'><strong>quadam</strong></span> <span class='ocrx_word' id='word_1_286' title='bbox 797 3356 943 3423; x_wconf 88' lang='lat' dir='ltr'><strong>comitate</strong></span> <span class='ocrx_word' id='word_1_287' title='bbox 961 3378 998 3421; x_wconf 81' lang='lat' dir='ltr'><strong>aa</strong></span> <span class='ocrx_word' id='word_1_288' title='bbox 1015 3355 1229 3423; x_wconf 85' lang='lat' dir='ltr'><strong>beneficentia</strong></span> 
     </span>
     <span class='ocr_line' id='line_1_35' title="bbox 194 3447 1227 3536; baseline 0.003 -24"><span class='ocrx_word' id='word_1_289' title='bbox 194 3447 317 3533; x_wconf 91' lang='lat' dir='ltr'><strong>positae</strong></span> <span class='ocrx_word' id='word_1_290' title='bbox 322 3472 331 3525; x_wconf 84' lang='lat'>3</span> <span class='ocrx_word' id='word_1_291' title='bbox 359 3448 453 3526; x_wconf 87' lang='lat' dir='ltr'><strong>aliae,</strong></span> <span class='ocrx_word' id='word_1_292' title='bbox 477 3471 558 3533; x_wconf 89' lang='lat' dir='ltr'><strong>quae</strong></span> <span class='ocrx_word' id='word_1_293' title='bbox 574 3450 609 3514; x_wconf 90' lang='lat' dir='ltr'><strong>in</strong></span> <span class='ocrx_word' id='word_1_294' title='bbox 625 3450 744 3536; x_wconf 85' lang='lat' dir='ltr'><strong>ingenii</strong></span> <span class='ocrx_word' id='word_1_295' title='bbox 762 3451 868 3535; x_wconf 88' lang='lat' dir='ltr'><strong>aliqua</strong></span> <span class='ocrx_word' id='word_1_296' title='bbox 884 3451 1034 3515; x_wconf 85' lang='lat' dir='ltr'><strong>facultate</strong></span> <span class='ocrx_word' id='word_1_297' title='bbox 1052 3461 1108 3515; x_wconf 88' lang='lat' dir='ltr'><strong>aut</strong></span> <span class='ocrx_word' id='word_1_298' title='bbox 1124 3450 1227 3515; x_wconf 86' lang='lat' dir='ltr'><strong>animi</strong></span> 
     </span>
     <span class='ocr_line' id='line_1_36' title="bbox 194 3541 1229 3632; baseline 0.005 -29"><span class='ocrx_word' id='word_1_299' title='bbox 194 3541 411 3626; x_wconf 85' lang='lat' dir='ltr'><strong>magnitudine</strong></span> <span class='ocrx_word' id='word_1_300' title='bbox 430 3563 467 3606; x_wconf 85' lang='lat' dir='ltr'><strong>ae</strong></span> <span class='ocrx_word' id='word_1_301' title='bbox 483 3545 611 3622; x_wconf 89' lang='lat' dir='ltr'><strong>robore;</strong></span> <span class='ocrx_word' id='word_1_302' title='bbox 633 3567 707 3608; x_wconf 91' lang='lat' dir='ltr'><strong>nam</strong></span> <span class='ocrx_word' id='word_1_303' title='bbox 725 3544 905 3622; x_wconf 89' lang='lat' dir='ltr'><strong>clementia,</strong></span> <span class='ocrx_word' id='word_1_304' title='bbox 923 3544 1055 3621; x_wconf 87' lang='lat' dir='ltr'><strong>iustitia,</strong></span> <span class='ocrx_word' id='word_1_305' title='bbox 1077 3543 1229 3632; x_wconf 86' lang='lat' dir='ltr'><strong>benigni-</strong></span> 
     </span>
     <span class='ocr_line' id='line_1_37' title="bbox 195 3634 1230 3723; baseline 0.007 -25"><span class='ocrx_word' id='word_1_306' title='bbox 195 3645 259 3711; x_wconf 88' lang='lat' dir='ltr'><strong>tas,</strong></span> <span class='ocrx_word' id='word_1_307' title='bbox 277 3634 372 3714; x_wconf 91' lang='lat' dir='ltr'><strong>fides,</strong></span> <span class='ocrx_word' id='word_1_308' title='bbox 396 3636 547 3702; x_wconf 85' lang='lat' dir='ltr'><strong>fortitudo</strong></span> <span class='ocrx_word' id='word_1_309' title='bbox 565 3637 598 3701; x_wconf 94' lang='lat' dir='ltr'><strong>in</strong></span> <span class='ocrx_word' id='word_1_310' title='bbox 614 3639 763 3723; x_wconf 89' lang='lat' dir='ltr'><strong>periculis</strong></span> <span class='ocrx_word' id='word_1_311' title='bbox 781 3639 1000 3704; x_wconf 91' lang='lat' dir='ltr'><strong>communibus</strong></span> <span class='ocrx_word' id='word_1_312' title='bbox 1018 3638 1159 3704; x_wconf 86' lang='lat' dir='ltr'><strong>iucunda</strong></span> <span class='ocrx_word' id='word_1_313' title='bbox 1177 3650 1230 3707; x_wconf 85' lang='lat' dir='ltr'><strong>est</strong></span> 
     </span>
     <span class='ocr_line' id='line_1_38' title="bbox 136 3728 1228 3811; baseline 0.003 -15"><span class='ocrx_word' id='word_1_314' title='bbox 136 3757 177 3797; x_wconf 81' lang='lat' dir='ltr'><strong>su</strong></span> <span class='ocrx_word' id='word_1_315' title='bbox 195 3729 306 3794; x_wconf 89' lang='lat' dir='ltr'><strong>auditu</strong></span> <span class='ocrx_word' id='word_1_316' title='bbox 330 3729 364 3793; x_wconf 91' lang='lat' dir='ltr'><strong>in</strong></span> <span class='ocrx_word' id='word_1_317' title='bbox 389 3728 638 3811; x_wconf 84' lang='lat' dir='ltr'><strong>laudationibus3</strong></span> <span class='ocrx_word' id='word_1_318' title='bbox 665 3754 775 3798; x_wconf 89' lang='lat' dir='ltr'><strong>omnes</strong></span> <span class='ocrx_word' id='word_1_319' title='bbox 802 3733 886 3798; x_wconf 91' lang='lat' dir='ltr'><strong>enim</strong></span> <span class='ocrx_word' id='word_1_320' title='bbox 913 3733 973 3798; x_wconf 93' lang='lat' dir='ltr'><strong>hae</strong></span> <span class='ocrx_word' id='word_1_321' title='bbox 999 3733 1132 3798; x_wconf 87' lang='lat' dir='ltr'><strong>virtutes</strong></span> <span class='ocrx_word' id='word_1_322' title='bbox 1160 3758 1228 3801; x_wconf 90' lang='lat' dir='ltr'><strong>non</strong></span> 
     </span>
     <span class='ocr_line' id='line_1_39' title="bbox 194 3823 1229 3914; baseline 0.006 -27"><span class='ocrx_word' id='word_1_323' title='bbox 194 3834 260 3888; x_wconf 88' lang='lat' dir='ltr'><strong>tam</strong></span> <span class='ocrx_word' id='word_1_324' title='bbox 276 3823 366 3911; x_wconf 89' lang='lat' dir='ltr'><strong>ipsis,</strong></span> <span class='ocrx_word' id='word_1_325' title='bbox 385 3824 440 3908; x_wconf 91' lang='lat' dir='ltr'><strong>qui</strong></span> <span class='ocrx_word' id='word_1_326' title='bbox 457 3847 511 3890; x_wconf 91' lang='lat' dir='ltr'><strong>eas</strong></span> <span class='ocrx_word' id='word_1_327' title='bbox 529 3826 657 3904; x_wconf 88' lang='lat' dir='ltr'><strong>habent,</strong></span> <span class='ocrx_word' id='word_1_328' title='bbox 676 3848 771 3911; x_wconf 83' lang='lat' dir='ltr'><strong>quam</strong></span> <span class='ocrx_word' id='word_1_329' title='bbox 783 3828 893 3914; x_wconf 85' lang='lat' dir='ltr'><strong>generi</strong></span> <span class='ocrx_word' id='word_1_330' title='bbox 906 3826 1069 3892; x_wconf 90' lang='lat' dir='ltr'><strong>hominum</strong></span> <span class='ocrx_word' id='word_1_331' title='bbox 1081 3827 1229 3893; x_wconf 81' lang='lat' dir='ltr'><strong>fructuo-</strong></span> 
     </span>
     <span class='ocr_line' id='line_1_40' title="bbox 195 3919 1227 4006; baseline 0.007 -26"><span class='ocrx_word' id='word_1_332' title='bbox 195 3940 250 3981; x_wconf 90' lang='lat' dir='ltr'><strong>sae</strong></span> <span class='ocrx_word' id='word_1_333' title='bbox 275 3928 439 4004; x_wconf 88' lang='lat' dir='ltr'><strong>putantur;</strong></span> <span class='ocrx_word' id='word_1_334' title='bbox 471 3919 625 4006; x_wconf 86' lang='lat' dir='ltr'><strong>sapientia</strong></span> <span class='ocrx_word' id='word_1_335' title='bbox 652 3933 684 3986; x_wconf 89' lang='lat' dir='ltr'><strong>et</strong></span> <span class='ocrx_word' id='word_1_336' title='bbox 708 3921 894 4006; x_wconf 86' lang='lat' dir='ltr'><strong>magnitudo</strong></span> <span class='ocrx_word' id='word_1_337' title='bbox 925 3920 1034 3999; x_wconf 86' lang='lat' dir='ltr'><strong>animi,</strong></span> <span class='ocrx_word' id='word_1_338' title='bbox 1064 3942 1129 4003; x_wconf 89' lang='lat' dir='ltr'><strong>qua</strong></span> <span class='ocrx_word' id='word_1_339' title='bbox 1156 3944 1227 3987; x_wconf 89' lang='lat' dir='ltr'><strong>om-</strong></span> 
     </span>
     <span class='ocr_line' id='line_1_41' title="bbox 192 4013 1228 4103; baseline 0.007 -29"><span class='ocrx_word' id='word_1_340' title='bbox 192 4032 252 4075; x_wconf 89' lang='lat' dir='ltr'><strong>ues</strong></span> <span class='ocrx_word' id='word_1_341' title='bbox 273 4032 325 4075; x_wconf 89' lang='lat' dir='ltr'><strong>res</strong></span> <span class='ocrx_word' id='word_1_342' title='bbox 352 4013 509 4080; x_wconf 89' lang='lat' dir='ltr'><strong>humanae</strong></span> <span class='ocrx_word' id='word_1_343' title='bbox 536 4024 647 4080; x_wconf 86' lang='lat' dir='ltr'><strong>tenues</strong></span> <span class='ocrx_word' id='word_1_344' title='bbox 675 4036 712 4081; x_wconf 88' lang='lat' dir='ltr'><strong>ac</strong></span> <span class='ocrx_word' id='word_1_345' title='bbox 736 4015 915 4103; x_wconf 89' lang='lat' dir='ltr'><strong>pronihilo</strong></span> <span class='ocrx_word' id='word_1_346' title='bbox 940 4024 1104 4101; x_wconf 88' lang='lat' dir='ltr'><strong>putantur,</strong></span> <span class='ocrx_word' id='word_1_347' title='bbox 1130 4024 1166 4079; x_wconf 91' lang='lat' dir='ltr'><strong>et</strong></span> <span class='ocrx_word' id='word_1_348' title='bbox 1192 4016 1228 4081; x_wconf 89' lang='lat' dir='ltr'><strong>in</strong></span> 
     </span>
    </p>
   </div>
   <div class='ocr_carea' id='block_1_3' title="bbox 0 0 1280 5040">
    <p class='ocr_par' dir='ltr' id='par_1_3' title="bbox 0 0 1280 5040">
     <span class='ocr_line' id='line_1_42' title="bbox 0 0 1280 5040; baseline 0 0"><span class='ocrx_word' id='word_1_349' title='bbox 0 0 1280 5040; x_wconf 95' lang='lat' dir='ltr'><strong> </strong></span> 
     </span>
    </p>
   </div>
  </div>
 </body>
</html>
