2498 5310
695 47 699 55 Ι
749 39 760 51 Ι.

979 39 1006 323 Ι
1022 39 1087 351 ΙΙ,

153 619 216 683 130
461 626 499 680 Μ.
518 626 654 682 TULLII
673 622 875 681 CICERONIS

152 749 394 837 commovendo]
422 749 591 836 proficiunt
616 747 799 836 plurimum,
827 768 1028 831 quamquam
1048 770 1087 813 ma

150 848 297 935 proprius
317 858 366 911 cst
382 845 470 911 locus
490 844 571 908 etin
593 842 786 909 exordiendo
805 852 836 906 et
853 840 889 905 in
904 844 1087 928 perorando⁴

152 943 241 1030 gredi
260 953 367 1007 tamen
384 941 425 1005 ab
443 962 495 1017 eo,
514 939 600 1022 quod
617 935 819 1024 proposueris
833 944 931 1019 atque
951 961 1042 1022 agas,
1058 960 1087 1024 pr

96 1063 135 1103 ara
153 1037 328 1103 vendorum
347 1034 524 1100 animorum
542 1053 639 1097 eausa
660 1054 755 1117 saepe
772 1030 849 1095 utile
868 1040 933 1108 est3
954 1031 1062 1115 itaque
1077 1055 1087 1097 r

152 1141 279 1197 narrata
296 1141 329 1196 et
345 1129 491 1214 exposita
508 1150 603 1213 saepe
621 1127 713 1191 datur
731 1125 772 1190 ad
789 1125 1041 1191 commovendos
1059 1149 1087 1190 ar

153 1224 359 1311 degrediendi
376 1223 481 1300 locus,
499 1221 552 1286 vel
569 1220 762 1306 argumentis
780 1219 897 1284 nostris
917 1220 1087 1285 confirmati

152 1318 316 1384 contrariis
333 1316 478 1383 refutatis
492 1315 544 1380 vcl
558 1327 690 1398 utroque
707 1314 777 1379 loco
795 1313 847 1379 vel
860 1314 1024 1392 omnibus,
1042 1313 1087 1380 sil

153 1434 224 1477 eam
242 1433 339 1478 causa
356 1410 542 1497 dignitatem
559 1419 654 1492 atque
668 1408 800 1494 copiam,
818 1418 905 1473 recte
921 1407 960 1471 id
976 1408 1087 1494 fierip

153 1529 272 1590 eaeque
290 1527 405 1570 causae
424 1516 498 1569 sunt
515 1503 557 1569 ad
579 1503 738 1589 agendum
755 1514 787 1567 et
804 1502 845 1566 ad
862 1502 1044 1566 ornandum
1059 1524 1087 1587 gr

153 1600 252 1664 simae
270 1611 364 1682 atque
381 1599 599 1684 plenissimae,
628 1620 708 1681 quae
735 1595 888 1682 plurimos
916 1596 1024 1663 exitus
1046 1597 1087 1661 du

151 1693 219 1759 eius
245 1694 333 1758 modi
360 1693 611 1780 degressicnem,
638 1702 675 1756 ut
696 1690 741 1755 eis
763 1689 841 1756 loeis
858 1689 907 1754 uti
927 1689 1038 1769 liceat,
1064 1712 1087 1773 q

152 1787 329 1855 animorum
350 1788 487 1874 impetus
507 1810 630 1864 eorum,
658 1784 713 1868 qui
734 1784 878 1861 audiunt,
907 1795 964 1849 aut
980 1784 1087 1870 impell

95 1905 134 1946 ua
152 1892 207 1947 aut
236 1882 447 1948 reflectantur.
501 1892 594 1963 atque
622 1878 717 1944 etiam
742 1878 776 1942 iu
799 1878 855 1944 illo
885 1878 1081 1965 reprehendo

152 1974 216 2059 qui,
235 1998 316 2059 quae
333 1976 462 2040 minime
478 1974 571 2037 firma
589 1985 672 2050 sunt,
691 1995 730 2038 ea
745 1972 849 2058 prima
867 1971 1087 2050 conlocant3ir

149 2068 222 2133 illos
241 2090 366 2151 quoque
385 2089 489 2133 errare
511 2067 659 2144 arbitror,
687 2066 756 2150 qui,
785 2065 811 2130 si
833 2066 961 2148 quando
978 2102 1025 2115 -
1038 2066 1069 2130 id

150 2159 228 2223 mihi
253 2182 426 2243 numquam
448 2160 567 2246 placuit
582 2195 628 2208 -
650 2160 750 2246 pluris
775 2159 926 2225 adhibent
950 2170 1087 2246 patrouor

151 2252 185 2315 in
202 2273 328 2337 quoque
345 2276 455 2319 eorum
471 2253 636 2318 minimum
653 2265 768 2340 putant
785 2276 871 2330 esse,
888 2253 934 2318 ita
951 2276 1026 2318 eum
1041 2252 1087 2339 pri

151 2345 263 2411 volunt
279 2346 398 2413 dicere:
416 2369 467 2413 res
486 2348 570 2412 enim
587 2348 648 2413 hoe
665 2348 815 2434 postulat,
832 2358 869 2411 ut
886 2370 998 2412 eorum
1015 2370 1087 2432 exsp

150 2438 242 2517 tioni,
271 2440 324 2524 qui
351 2440 496 2518 audiunt,
524 2463 620 2525 quam
646 2440 808 2505 celerrime
836 2451 1087 2518 succurratur;e

150 2531 239 2599 initio
259 2534 456 2599 satisfactum
473 2557 538 2600 non
556 2534 611 2612 sit,
629 2534 728 2599 multo
744 2534 817 2619 plus
836 2533 928 2598 sitin
944 2534 1087 2618 reliquae

149 2624 371 2706 laborandum,
397 2628 481 2692 male
503 2628 641 2693 enimse
661 2650 713 2693 res
741 2627 851 2706 habet,
879 2649 961 2711 quae
978 2651 1044 2693 non
1058 2635 1087 2691 st

93 2743 134 2785 an
150 2733 186 2787 ut
203 2722 265 2787 dici
283 2733 396 2810 coepta
413 2731 476 2800 est,
502 2721 614 2787 melior
634 2721 704 2786 fieri
728 2721 862 2786 videtur.
907 2743 985 2807 ergo
1003 2719 1084 2785 utin

150 2825 218 2882 tore
236 2817 374 2903 optimus
393 2816 540 2900 quisque,
568 2815 665 2880 sicin
683 2815 823 2881 oratione
844 2813 1087 2896 firmissimumq

150 2933 211 2995 que
229 2913 270 2977 sit
295 2914 433 2998 primum
439 2938 449 2990 3
478 2912 553 2975 dum
571 2911 651 2976 illud
676 2921 783 2976 tamen
804 2910 837 2973 in
862 2919 998 2993 utroque
1025 2920 1087 2975 tene

149 3016 185 3069 ut
202 3026 255 3083 ea,
282 3027 363 3089 quae
381 3006 550 3083 excellent,
579 3016 743 3071 serventur
770 3004 925 3069 etiamad
950 3023 1087 3089 perorant

150 3097 258 3179 siqua
276 3109 367 3161 erunt
383 3098 567 3175 mediocria,
586 3121 661 3162 nam
678 3097 800 3163 vitiosis
819 3120 977 3181 nusquam
996 3118 1087 3162 esser

150 3198 196 3252 tet
212 3188 331 3266 locum,
357 3189 391 3252 in
415 3189 554 3254 mediam
575 3192 700 3255 turbam
718 3201 811 3273 atque
828 3191 863 3255 in
884 3212 1018 3277 gregem
1045 3187 1087 3255 eoi

92 3306 131 3348 urs
150 3291 210 3344 tur.
254 3280 342 3345 hisce
365 3281 513 3347 omnibus
534 3283 631 3347 rebus
660 3283 867 3350 consideratis
894 3295 963 3349 tum
981 3284 1087 3369 deniqt

149 3374 236 3459 quod
251 3373 390 3460 primum
407 3386 457 3440 est
474 3374 658 3453 dicendum,
686 3388 883 3462 postremum
910 3377 999 3443 soleo
1028 3399 1087 3464 cog

149 3491 212 3553 quo
238 3480 309 3534 utar
335 3468 476 3535 exordio.
518 3491 594 3533 nam
616 3468 645 3533 si
670 3469 796 3553 quando
817 3471 852 3535 id
872 3471 1011 3558 primum
1038 3472 1087 3537 im

149 3563 249 3642 volui,
267 3564 390 3630 nullum
406 3563 484 3628 mihi
501 3563 637 3630 oecmrit
652 3563 714 3628 nisi
732 3575 787 3629 aut
804 3565 885 3630 exile
904 3577 958 3630 aut
975 3578 1087 3653 nugat<

98 3672 132 3726 78
150 3669 205 3723 aut
222 3660 352 3745 volgare
371 3670 425 3724 aut
443 3681 619 3725 commune.
654 3658 809 3746 principia
826 3672 932 3725 autem
950 3660 1081 3727 dicendi

147 3773 205 3835 per
232 3773 305 3815 cum
331 3753 482 3818 adcurate
499 3764 531 3818 et
557 3764 651 3818 acuta
668 3764 700 3818 et
716 3753 870 3819 instructa
896 3755 1079 3834 sententiis,

149 3842 269 3919 verbis,
297 3854 365 3909 tum
381 3869 457 3911 vero
481 3867 649 3913 causarum
674 3847 803 3934 propria
825 3871 897 3913 esse
916 3848 1050 3926 debent;
1076 3872 1087 3936 1

149 3944 199 3999 est
216 3936 301 3999 enim
326 3937 418 4019 quasi
445 3939 583 4023 cognitio
602 3950 634 4005 et
651 3941 882 4007 commendatio
907 3951 1018 4007 nostra
1034 3941 1072 4006 in

149 4027 244 4116 cipio,
272 4050 416 4113 quaeque
435 4031 583 4097 continuo
602 4055 689 4111 eum,
716 4034 769 4117 qui
787 4035 888 4113 audit,
914 4035 1087 4122 permulcer

92 4149 131 4192 aa
149 4146 211 4208 que
238 4123 373 4189 adlicere
400 4124 509 4203 debet3
536 4125 649 4210 inquo
668 4128 816 4194 admirari
834 4129 920 4195 soleo
938 4152 1004 4195 non
1029 4153 1087 4215 equ

147 4218 242 4298 istos,
270 4219 324 4304 qui
341 4219 460 4284 nullam
487 4218 562 4286 huic
577 4221 625 4286 rei
642 4244 772 4309 operam
799 4223 966 4301 dederunt,
995 4224 1055 4289 sed
1078 4225 1087 4289 l

148 4334 222 4377 nem
238 4313 272 4378 in
288 4312 399 4399 primis
417 4313 569 4380 disertum
587 4326 681 4399 atque
700 4317 871 4395 eruditum,
894 4317 1083 4404 Philippum

146 4402 194 4467 ita
211 4406 292 4471 solet
309 4430 439 4494 surgere
457 4408 498 4474 ad
516 4408 697 4490 dicendum,
724 4420 760 4475 ut
777 4410 862 4494 quod
879 4411 1017 4498 primum
1044 4435 1086 4478 ve

22 4669 142 4836 f
