2536 5040
209 223 253 287 74
518 236 557 290 Μ.
576 235 711 292 TULLII
730 233 933 291 CICERONIS

161 357 340 432 ss'modicis
362 359 560 446 regionibus:
588 359 733 442 equidem
760 358 879 434 omnia,
907 378 988 441 quae
1014 356 1177 442 pertinent
1247 393 1256 410 «

208 476 302 518 usum
321 453 451 531 civium,
478 475 599 517 morem
621 452 797 530 hominum,
825 473 905 536 quae
927 461 1096 516 versantur
1113 451 1148 515 in
1186 482 1211 508 »ν’
1244 477 1260 502 n

209 547 375 612 suetudine
392 547 491 624 vitae,
518 547 551 610 in
568 546 689 612 ratione
706 546 929 633 reipublicae,
955 545 989 609 in
1007 545 1068 609 hac
1087 543 1174 610 socie
1190 542 1214 600 ss
1247 587 1255 598 r

208 641 306 719 civili,
324 642 358 705 in
376 664 472 706 sensu
488 641 624 707 hominis
644 641 816 717 communi,
838 641 871 705 in
889 650 1015 717 natura,
1034 640 1069 703 in
1085 639 1183 705 mori·
1194 671 1204 696 ι

208 734 505 822 comprehendenda
522 758 593 801 esse
611 736 727 799 oratori
744 746 836 821 puto3
864 734 892 798 si
909 734 1029 811 minus,
1055 744 1093 799 ut
1113 756 1181 799 seo:
1260 736 1262 743 '

208 830 265 893 tim
291 829 331 895 de
358 829 407 895 his
433 830 529 895 rebus
559 828 821 938 philosophorum
848 850 937 893 more
967 828 1179 914 respondeat,
1220 847 1224 872 ι

208 933 307 1002 certe,
325 935 362 989 ut
378 924 412 988 in
430 945 527 988 causa
542 924 714 1010 prudenter
730 923 833 1010 possit
849 923 1005 1001 intexere3
1024 923 1116 988 hisee
1137 946 1204 989 aurr
1223 965 1224 970 κ
1250 957 1256 982 2

208 1017 286 1104 ipsis
305 1020 345 1082 de
362 1019 456 1083 rebus
474 1028 510 1082 ut
527 1017 571 1082 ita
587 1017 747 1100 loquatur,
766 1017 812 1081 uti
830 1017 873 1092 ei,
893 1017 947 1101 qui
963 1017 1047 1094 iura,
1066 1016 1124 1101 qui
1141 1018 1226 1097 les„

209 1112 262 1196 qui
293 1112 436 1177 civitates
469 1112 711 1189 constituerunt,
743 1111 840 1176 locuti
871 1121 958 1189 sunt,
990 1110 1181 1221 simpliciter
1212 1133 1230 1172 a
1260 1138 1262 1149 =

209 1205 387 1290 splendide,
416 1205 484 1271 sine
509 1206 575 1271 ulla
601 1206 681 1271 serie
709 1206 1000 1292 disputationume
982 1215 1015 1270 t
1037 1228 1109 1270 ame
1136 1227 1231 1271 ιιι

157 1318 185 1358 ιι
208 1300 438 1365 concertatione
461 1301 639 1365 verborum
684 1301 832 1366 hocloco
849 1323 890 1364 ne
914 1322 977 1385 qua
994 1300 1036 1364 sit
1023 1300 1178 1365 tadmir
1193 1319 1234 1380 vr„

208 1393 235 1458 si
252 1404 300 1458 ιοι
316 1404 535 1478 tantarumque
548 1417 654 1458 rerum
671 1394 758 1458 nulla
775 1418 795 1458 ι
814 1417 864 1460 me
882 1405 1051 1480 praecepta
1067 1404 1222 1480 ponentur

207 1488 254 1553 sic
271 1500 390 1555 statuo·
417 1501 454 1555 ut
469 1490 503 1554 in
521 1490 632 1553 ceteris
660 1490 794 1566 artibus,
822 1511 894 1554 cum
911 1490 1026 1554 tradita
994 1491 1117 1556 tsint
1135 1492 1229 1557 cuius·

207 1605 268 1666 que
292 1584 366 1650 artis
390 1584 589 1661 difficillima,
616 1583 751 1666 reliqua,
779 1585 853 1668 quia
875 1596 929 1649 aut
916 1585 1094 1651 tfaeiliora
1118 1598 1176 1652 aut
1201 1618 1211 1644 :

205 1677 293 1741 milia
320 1677 396 1754 sint,
424 1677 506 1741 tradi
531 1699 595 1741 ιιοιι
621 1698 753 1741 neeesse
780 1699 866 1755 esse3
897 1688 933 1742 ut
958 1678 992 1742 in
1017 1679 1159 1765 pictura,
1185 1678 1235 1765 qu'·

206 1769 342 1838 hominis
364 1769 458 1834 unius
487 1769 625 1855 speeiem
647 1770 779 1857 pingere
800 1772 1016 1857 perdidicerit,
1042 1795 1145 1859 posse
1166 1792 1229 1839 eun

205 1861 344 1925 cuiusvis
371 1861 423 1926 vel
449 1862 570 1927 formae
597 1864 648 1928 vel
676 1865 803 1942 aetatis,
835 1864 960 1929 etiamsi
985 1888 1050 1931 non
1080 1866 1239 1945 didicerit·

205 1953 336 2040 pingere
362 1977 465 2039 neque
493 1980 565 2022 esse
591 1958 779 2043 periculum,
807 1958 861 2041 qui
886 1959 1011 2023 leonem
1033 1971 1089 2025 aut
1110 1972 1238 2037 taurum.

204 2047 317 2134 pingat
342 2050 485 2136 egregie,
513 2073 553 2116 ns
575 2051 660 2116 idem
685 2052 719 2116 in
744 2051 852 2117 multis
880 2052 949 2116 aliis
976 2054 1240 2140 quadrupedib

205 2140 310 2207 faeere
332 2166 397 2209 non
422 2144 586 2231 possit—
602 2166 706 2228 neque
724 2156 774 2210 est
795 2145 923 2211 omnino
941 2170 992 2212 ars
1014 2149 1133 2226 ulla,
1122 2174 1158 2215 m
1175 2172 1232 2235 qua

205 2236 324 2314 omnia,
351 2259 433 2320 quae
450 2239 506 2303 illa
523 2248 589 2304 arte
607 2239 691 2304 effici
707 2239 846 2324 possint,
820 2241 986 2306 ttadoc
974 2251 1040 2306 tore
1058 2244 1236 2327 tradantur,

206 2324 284 2395 sed
288 2330 343 2413 qui
368 2332 542 2417 primarum
569 2343 602 2397 et
629 2343 784 2398 certarum
810 2356 916 2399 rerum
946 2358 1064 2421 genera
1089 2336 1166 2421 ipsa
1189 2331 1235 2403 di-

205 2425 357 2505 dicerunt,
376 2428 498 2511 reliqua
513 2424 591 2513 [non
609 2427 827 2538 incommode]
841 2451 899 2514 per
917 2451 952 2495 se
970 2430 1241 2513 adsequentur—·

157 2537 183 2579 ιο
205 2519 313 2585 similit
300 2531 347 2585 ter
374 2521 542 2586 arbitror
532 2546 566 2586 ιιι
591 2521 700 2586 hac
676 2546 743 2587 s1ve
768 2523 890 2588 ratione
917 2524 984 2589 sive
1010 2524 1232 2592 exercitatione

205 2615 344 2693 dicendi,
363 2616 417 2698 qui
434 2616 522 2680 illam
539 2616 604 2680 vim
623 2618 757 2703 adeptus
776 2617 831 2694 sit,
849 2627 886 2681 ut
902 2639 1012 2682 eorum
1029 2619 1162 2698 mentis,
1182 2617 1237 2705 qui¹

205 2719 259 2771 aut
278 2709 317 2773 de
334 2729 370 2772 re
387 2708 515 2794 publica
533 2719 588 2774 aut
606 2710 645 2773 de
662 2709 763 2795 ipsius
789 2711 884 2776 rebus
904 2721 958 2776 aut
945 2713 1016 2778 tde
1033 2713 1094 2793 eis,
1123 2725 1246 2781 conns.

203 2821 284 2882 quos
312 2811 367 2865 aut
391 2824 450 2886 pro
477 2801 591 2885 quibus
623 2802 720 2880 dicat,
753 2825 825 2868 eum
856 2804 1022 2888 eliquat
992 2808 1154 2872 statuendi
1179 2830 1242 2895 pe·-

203 2902 300 2958 testat
254 2895 480 2973 tteaudiant‚
509 2896 550 2960 ad
568 2919 661 2961 suum
680 2897 843 2962 arbitrium
860 2923 988 2966 movere
1005 2902 1122 2988 possit,
1095 2894 1255 2968 tillum':

201 2987 275 3051 det
262 2997 328 3053 toto
345 2987 400 3063 illo
418 3011 535 3076 genere
552 2991 745 3074 reliquarum
767 2993 944 3058 orationum
961 3019 1026 3060 non
1046 2997 1119 3082 plus
1139 3019 1234 3082 quae·
1256 2999 1260 3005 ’

205 3080 338 3147 siturum
361 3105 447 3161 esse,
476 3084 551 3166 quid
575 3084 672 3163 dieat,
700 3108 796 3168 quam
812 3087 1005 3173 Polyclitum
1030 3089 1135 3168 illum,
1163 3101 1262 3171 cum··'

202 3177 376 3242 Herculem
397 3178 551 3264 fingebat,
579 3200 673 3261 quem
691 3180 877 3246 admodum
895 3183 1254 3268 pellemauthydram

202 3272 350 3358 fingeret,
379 3272 503 3338 etiamsi
525 3272 605 3338 haec
630 3296 803 3357 numquam
829 3278 999 3363 separatim
1025 3278 1130 3343 faeere
1154 3274 1262 3345 didi-'¹
1220 3310 1262 3375 Ἴ

152 3364 230 3416 17
204 3366 320 3430 ersset!
373 3376 441 3431 tum
469 3365 533 3432 Cat
532 3366 603 3432 ulus
635 3369 811 3453 ‘praeclare
837 3371 916 3436 mihi
937 3371 1068 3449 videris,
1099 3372 1262 3451 Antonii¹

155 3435 363 3545 ”posuisse'
380 3461 482 3545 inquit
500 3468 569 3526 ‘ant
556 3472 587 3527 te
601 3463 720 3541 oculos,
738 3465 814 3549 quid
832 3466 953 3532 discere
971 3476 1130 3552 oporteret
1150 3490 1232 3549 eum,
1244 3460 1262 3553 l

203 3552 257 3636 qui
274 3563 379 3619 orator
396 3565 482 3619 esset
499 3555 638 3633 futurus,
658 3558 747 3640 quid,
766 3559 970 3625 etiamsinon
989 3559 1168 3642 didicisset,
1194 3584 1259 3629 ex.

203 3669 274 3726 ιο,
289 3647 375 3731 quod
400 3646 577 3727 didicisset,
610 3651 803 3731 adsumeret3
836 3653 995 3718 deduxisti
1021 3652 1107 3717 enim
1132 3646 1262 3737 totam]

203 3741 285 3806 bano
301 3763 369 3806 rem
386 3740 420 3806 in
438 3742 501 3808 duo
519 3765 637 3828 genera
655 3744 757 3811 solum
771 3766 947 3823 causarum,
966 3756 1072 3811 cetera
1087 3747 1235 3817 innume·

201 3836 314 3901 rabilia
332 3835 549 3903 exercitationi
566 3848 599 3902 et
617 3838 812 3904 similitudini
832 3839 1001 3924 reliquisti:
1025 3842 1082 3906 sed
1099 3842 1175 3908 vide
1192 3864 1234 3909 ιιι

202 3931 235 3994 in
253 3930 322 3995 istis
341 3931 465 3997 duobus
484 3931 653 4019 generibus
671 3931 773 4015 hydra
789 3932 847 3996 tibi
865 3932 907 3998 sit
923 3944 956 3999 et
971 3934 1078 4021 pellis,
1104 3937 1235 4003 Hercu·
1259 3970 1262 3975 ·

202 4021 249 4086 les
268 4034 373 4089 autem
392 4035 424 4090 et
441 4025 503 4091 alia
520 4047 617 4114 opera
637 4023 758 4090 maiora
773 4024 807 4091 in
824 4025 886 4092 illis
903 4029 1013 4108 rebus,
1042 4051 1120 4113 quas
1137 4054 1236 4117 prae-
