2498 5310
148 630 211 696 134
456 639 494 693 ll.
514 636 649 693 TULLII
669 632 869 691 CICERONIS

147 764 283 850 quaerit3
312 763 369 828 sed
388 761 461 846 quia
482 782 584 844 neque
606 758 808 845 reprehendi,
836 778 920 840 quae
938 756 1094 821 contradi

147 871 212 937 tur,
239 867 388 944 possunt,
416 854 479 920 nisi
495 864 550 918 tua
567 853 749 930 confirmes,
767 873 870 935 neque
889 850 970 916 haee
990 851 1094 916 eoniin

146 953 208 1019 nisi
225 954 281 1018 illa
305 949 535 1039 reprehendas,
561 949 678 1014 ideireo
705 948 784 1012 haee
802 957 834 1012 et
859 957 977 1011 natura
996 957 1028 1010 et
1044 946 1094 1011 util

91 1073 130 1113 aaa
149 1059 181 1114 et
197 1047 383 1113 tractatione
401 1045 568 1110 coniuncta
586 1053 669 1108 sunt.
709 1041 816 1107 omnia
833 1054 941 1105 autem
959 1039 1094 1105 eonelud

147 1143 332 1230 plerumque
359 1141 454 1205 rebus
482 1137 636 1224 augendis
663 1135 715 1201 vel
740 1135 968 1200 inflammando
997 1134 1093 1200 iudiee

148 1236 337 1323 mitigando;
368 1233 535 1318 omniaque
567 1254 639 1296 cum
670 1229 884 1318 superioribus
916 1228 1094 1294 orationis]

149 1343 215 1396 tum
241 1329 378 1395 maxime
397 1338 538 1393 extremo
557 1326 598 1391 ad
614 1326 730 1390 mentis
752 1324 892 1388 iudicum
916 1345 1016 1407 quam
1040 1347 1094 1389 ma

148 1425 379 1514 permovendas
407 1435 440 1489 et
467 1423 508 1486 ad
536 1421 705 1486 utilitatem
735 1429 877 1485 nostram
907 1419 1070 1484 vocandas

149 1521 281 1587 ferenda
300 1530 382 1584 sunt.
934 1584 937 1589 .

2 1610 6 1617 ’
93 1633 132 1674 aaa
207 1616 320 1697 Neque
342 1634 419 1677 sane
440 1611 505 1676 iam
527 1632 624 1675 eausa
650 1609 775 1674 videtur
800 1629 872 1673 esse
895 1627 952 1671 eur
976 1628 1094 1672 seeerus

149 1731 188 1774 ea
213 1718 395 1795 praecepta,
423 1728 504 1790 quae
532 1705 572 1770 de
599 1702 798 1768 suasionibus
826 1701 983 1766 tradenda
1010 1712 1082 1765 sunt

147 1800 412 1888 laudationibus],
445 1811 519 1866 sunt
544 1799 629 1866 enim
653 1797 803 1884 pleraque
829 1796 1027 1873 eommunia,
1053 1816 1094 1861 set

148 1921 222 1964 men
253 1898 385 1963 suadere
417 1893 536 1978 aliquid
562 1903 617 1958 aut
647 1891 830 1957 dissuadere
860 1890 1073 1976 gravissimae

148 2014 303 2079 personae
329 1990 454 2054 videtur
480 2010 565 2065 esse3
596 2009 671 2051 nam
697 1998 729 2051 et
756 1978 905 2071 sapientis
934 1996 987 2049 est
1015 1984 1094 2050 consi

149 2085 306 2169 explicare
334 2105 426 2147 suum
449 2081 489 2145 de
510 2080 656 2144 maximis
678 2080 774 2145 rebus
797 2090 830 2144 et
855 2078 983 2143 honesti
1002 2090 1036 2144 et
1060 2078 1094 2143 di

147 2188 185 2241 ut
209 2187 314 2241 mente
340 2174 522 2262 providere,
550 2173 735 2239 auctoritate
760 2175 908 2260 probare,
937 2171 1083 2238 oratione

97 2279 132 2333 82
150 2270 283 2336 suadere
309 2269 426 2356 possis.
470 2279 564 2352 atque
580 2268 660 2334 haee
682 2269 715 2332 in
738 2279 850 2334 senatu
875 2267 1000 2332 minore
1029 2291 1094 2355 app

149 2364 274 2450 agenda
292 2375 379 2441 sunt,
408 2363 534 2450 sapiens
557 2363 641 2428 enim
659 2375 709 2429 est
726 2362 891 2429 eonsilium
915 2361 1093 2446 multisque

149 2458 274 2524 dicendi
291 2458 516 2543 relinquendus
539 2459 643 2537 loeus,
670 2458 799 2523 vitanda
816 2457 911 2523 etiam
933 2457 1060 2543 ingenii
1076 2482 1094 2523 o

92 2553 278 2619 saltationis
305 2554 453 2638 suspitior
480 2553 585 2619 contio
612 2552 698 2638 capit
723 2575 849 2618 omnem
874 2552 940 2617 vim
968 2553 1094 2620 oration

148 2646 335 2734 gravitatem
362 2646 608 2731 varietatemque
634 2646 802 2712 desiderat.
851 2669 927 2733 ergo
954 2647 989 2710 in
1019 2647 1094 2712 suad

148 2741 227 2805 nihil
253 2752 303 2806 est
328 2740 497 2827 optabilius
525 2762 619 2823 quam
646 2740 798 2827 dignitas,
829 2764 904 2805 nam
930 2742 985 2824 qui
1014 2743 1094 2807 utilit

147 2846 252 2921 putat,
278 2858 343 2900 non
361 2834 437 2919 quid
454 2835 591 2901 maxime
608 2835 686 2901 velit
703 2858 828 2912 suasor,
852 2835 909 2900 sed
927 2835 1006 2918 quid
1024 2837 1094 2902 inte

147 2930 251 3016 magis
267 2940 426 3013 sequatur,
445 2929 540 2995 videt.
575 2953 668 2996 nemo
687 2940 737 2994 est
753 2929 847 3007 enim,
865 2930 1094 3014 praesertimir

149 3023 234 3086 elara
260 3023 401 3100 civitate,
429 3023 505 3106 quin
529 3033 620 3108 putet
646 3023 855 3108 expetendam
881 3023 1022 3087 maxime
1048 3024 1094 3109 dig

148 3125 227 3192 tem,
256 3116 313 3180 sed
331 3115 428 3179 vineit
443 3115 561 3179 utilitas
579 3116 778 3201 plerumque,
797 3137 869 3180 oum
887 3115 998 3181 subest
1016 3116 1094 3183 illei

92 3230 130 3271 aas
149 3228 188 3270 ea
204 3206 350 3291 neglecta
364 3229 405 3272 ne
431 3206 618 3293 dignitatem
644 3208 771 3292 quidem
797 3232 893 3296 posse
918 3209 1064 3277 retineri.

148 3299 303 3364 troversia
328 3310 433 3365 autem
450 3312 500 3366 est
516 3301 597 3366 inter
614 3302 778 3368 hominum
796 3304 968 3369 sententias
991 3306 1094 3371 autin

147 3405 253 3459 utrum
272 3395 314 3460 sit
330 3395 453 3473 utilius3
481 3407 536 3460 aut
562 3397 671 3476 etiam,
699 3420 771 3462 eum
788 3399 822 3462 id
840 3399 1003 3478 convenit,
1034 3418 1094 3467 een

150 3500 259 3555 utrum
276 3489 434 3555 honestati
450 3490 555 3577 potius
575 3515 616 3556 an
632 3491 760 3556 utilitati
777 3494 1006 3558 considendum
1025 3496 1083 3574 sit3

148 3585 223 3668 quia
239 3608 383 3672 pugnare
408 3585 490 3650 inter
508 3609 543 3651 se
562 3609 657 3673 saepe
674 3587 834 3664 videntur,
862 3587 915 3670 qui
937 3588 1094 3656 utilitateu

148 3680 259 3758 fendit‚
274 3679 471 3746 enumerabit
484 3682 650 3747 commoda
661 3681 760 3768 pacis,
775 3704 881 3768 opum,
894 3682 1069 3768 potentiae,
1084 3707 1094 3747 r

148 3772 281 3857 galium,
316 3774 466 3859 praesidii
496 3776 644 3854 militum,
681 3787 855 3841 ceterarum
888 3798 1009 3854 rerum,
1048 3800 1092 3862 qu

148 3865 286 3928 fruetum
303 3868 436 3930 utilitate
454 3869 615 3947 metimur,
632 3870 770 3953 itemque
787 3869 988 3934 incommoda
1006 3883 1094 3937 contr

147 3980 232 4036 rum3
251 3958 306 4042 qui
323 3959 364 4023 ad
381 3960 566 4046 dignitatem
583 3963 725 4048 impellit,
744 3963 898 4027 maiorum
916 3964 1066 4050 exempla
1084 3962 1094 4051 [

148 4063 240 4117 erunt
266 4051 318 4117 vel
344 4074 417 4117 eum
441 4053 581 4140 periculo
613 4054 765 4142 gloriosa]
800 4057 951 4142 conliget,
981 4069 1094 4143 poster

148 4146 357 4214 immortalem
373 4148 557 4213 memoriam
580 4149 717 4235 augebit,
735 4149 902 4215 utilitatem
919 4174 960 4216 ex
976 4150 1094 4218 laude:

150 4241 299 4307 defendet
316 4265 501 4329 semperque
520 4266 590 4309 eam
607 4266 680 4308 eum
701 4244 854 4330 dignitate
875 4267 947 4310 esse
965 4246 1094 4313 eonium

94 4357 132 4398 aas
151 4334 208 4399 sed
235 4336 312 4419 quid
335 4336 404 4403 fieri
429 4336 532 4424 possit
553 4350 608 4403 aut
632 4361 698 4404 non
723 4337 826 4426 possit
851 4338 989 4422 quidque
1016 4340 1094 4405 etiar

148 4447 279 4494 neeesse
298 4442 353 4496 aut
377 4454 442 4498 non
460 4431 514 4511 sit,
540 4431 575 4496 in
590 4443 723 4516 utraque
740 4455 774 4498 re
792 4433 929 4498 maxime
946 4444 996 4498 est
1024 4456 1094 4519 quar
