2498 5310
146 602 208 667 164
455 609 492 663 bl.
511 608 644 664 TULLII
662 605 864 663 CICERONIS

145 750 241 811 stros,
268 756 332 799 non
349 732 483 797 multum
501 741 550 797 est
566 729 670 795 maius
698 751 793 814 quam
818 727 900 793 illud
924 729 1057 816 volgare
1073 729 1149 795 acio

143 850 250 893 rensc:
277 837 431 913 apparatu
447 824 539 891 nobis
558 846 638 911 opus
656 835 754 890 estet
772 823 868 889 rebus
886 822 1068 907 exquisitis,
1084 822 1150 888 uadi
1192 831 1201 912 1

144 944 206 1005 quc
233 920 397 998 conlectis,
425 918 598 996 arcessitis,
630 917 847 1003 comportatis,
878 928 918 981 ut
944 916 1018 994 tibi,
1046 913 1149 993 Caesa,
1194 966 1201 1006 1

144 1015 324 1081 laciendum
354 1025 403 1079 est
438 1014 479 1077 ad
509 1035 640 1089 annum;
676 1022 713 1075 ut
743 1033 803 1097 ego
834 1008 884 1097 [m
921 1008 1150 1097 aedilitate]lt·
1195 1060 1201 1087 ,

143 1108 267 1186 beravi,
294 1107 379 1192 quod
406 1105 570 1172 cotidianis
589 1117 620 1170 et
643 1103 819 1169 vernaculis
840 1104 941 1169 rebus
964 1103 1046 1170 satis
1071 1104 1148 1170 facer
1195 1154 1201 1194 1

96 1232 122 1273 rs
144 1224 195 1269 rue
214 1224 309 1289 posse
336 1200 410 1265 huic
435 1199 552 1287 populo
578 1221 642 1264 non
663 1199 830 1285 putabam:
856 1198 1034 1263 verborum
1058 1196 1150 1285 eliger·

145 1297 257 1363 dorum
279 1306 311 1361 et
337 1295 602 1362 conlocandorum
624 1303 656 1358 et
682 1291 974 1358 concludendorum
999 1290 1100 1357 facilis
1120 1302 1157 1356 ut·

145 1390 195 1455 vel
212 1392 293 1455 ratio
311 1391 362 1454 vcl
380 1390 448 1455 sine
466 1388 586 1453 rationo
604 1387 675 1472 ipsa
691 1386 887 1463 exercitatio;
904 1408 1019 1451 rerum
1031 1396 1080 1452 est
1095 1384 1157 1451 silu-

144 1507 274 1571 magna,
303 1506 397 1567 quam
415 1504 487 1546 cum
506 1479 622 1546 Graeci
639 1480 702 1545 iam
718 1503 784 1545 non
810 1489 956 1544 tenerent
974 1480 1017 1546 ob
1045 1498 1157 1563 eamqu.

144 1600 274 1645 causam
290 1578 436 1641 iuventus
454 1586 564 1641 nostra
581 1573 756 1640 dedisceret
773 1594 874 1662 paene
892 1573 1064 1652 discendo,
1082 1572 1156 1639 eficu.

142 1670 267 1749 Latini,
294 1670 322 1735 si
340 1669 388 1735 dis
415 1671 533 1758 placet,
560 1668 622 1734 hoc
646 1667 773 1734 biennio
799 1667 947 1755 magistri
973 1666 1099 1733 dicendi
1115 1688 1152 1731 u·

143 1768 304 1844 stiterunt3
332 1788 413 1850 quos
436 1788 496 1853 ego
523 1786 636 1830 censor
658 1762 760 1829 edicto
781 1784 852 1829 meo
875 1762 1085 1842 sustuleram,
1107 1780 1158 1827 nor·

143 1886 219 1946 quo,
247 1872 281 1927 ut
303 1861 411 1927 nescio
438 1882 517 1943 quos
545 1858 649 1924 dicere
676 1856 814 1935 aiebant,
842 1856 914 1921 acui
940 1856 1075 1944 ingenia
1097 1854 1160 1921 adr·

142 1956 330 2022 lescentium
360 1954 493 2030 nollem,
527 1952 585 2017 sed
615 1962 724 2018 contra
753 1950 880 2039 ingenia
911 1951 1052 2017 obtundi
1079 1947 1165 2025 nola-

94 2082 121 2123 a
143 2048 344 2117 conroborari
361 2046 605 2133 impudentiam
623 2069 698 2111 nam
712 2046 796 2132 apud
810 2043 966 2124 Graecos,
986 2040 1154 2111 cuicuimatl

143 2154 263 2219 essent,
291 2140 438 2206 videbam
456 2150 563 2204 tamen
581 2162 652 2205 esse
669 2152 794 2227 praeter
810 2140 894 2207 hane
914 2139 1155 2207 exercitatiouut

141 2236 269 2323 lingum
296 2233 472 2300 doctrinam
490 2233 627 2318 aliquam
646 2245 678 2299 et
695 2234 889 2301 humanitate
916 2234 1055 2323 diguam
1076 2234 1166 2301 scin-¹

143 2331 233 2407 tiam,
260 2329 320 2394 hos
339 2350 414 2394 vero
433 2351 533 2394 novos
552 2328 722 2416 magistros
739 2328 817 2393 nihil
833 2328 1067 2416 intellegebam
1081 2346 1166 2417 potu}

144 2424 273 2500 docere,
300 2421 362 2487 nisi
379 2431 415 2486 ut
437 2423 602 2503 auderent3
621 2423 715 2506 'quod
741 2422 837 2488 etiam
862 2444 937 2487 cum
966 2424 1065 2491 bonis
1081 2422 1160 2493 rebat,

144 2518 347 2585 coniunctum
368 2540 425 2605 per
448 2540 483 2582 se
504 2517 609 2604 ipsum
631 2528 681 2581 est
702 2540 818 2604 magno
846 2539 942 2604 opere
969 2517 1167 2607 iirgienduua

143 2613 204 2679 hoc
218 2634 290 2677 cum
302 2633 400 2676 unum
418 2611 592 2677 traderetur
605 2620 638 2676 et
655 2631 727 2675 cum
739 2609 954 2697 impudentiae
966 2611 1067 2680 ludus
1080 2610 1168 2687 essa]

143 2704 254 2793 putavi
272 2727 343 2771 esse
370 2704 525 2782 censoris,
551 2727 592 2769 ne
609 2704 736 2791 longius
756 2703 791 2769 id
813 2714 968 2791 serperet,
996 2706 1159 2793 providere

109 2830 121 2871 5
144 2820 336 2885 quamquam
353 2821 416 2864 non
435 2797 513 2864 haec
530 2798 576 2863 ita
593 2809 696 2863 statuo
715 2808 809 2881 atque
827 2798 978 2878 decerno,
1007 2810 1045 2867 ut
1062 2800 1168 2887 despc·

143 2917 211 2961 rem
232 2893 349 2959 Latine
373 2915 424 2970 ea,
452 2893 492 2957 de
519 2893 633 2977 quibus
660 2890 904 2978 disputavimus,
932 2893 1019 2959 tradi
1039 2914 1080 2961 ac
1101 2914 1173 2984 pet-'-

141 2986 291 3075 perpoliri
311 3009 412 3073 posse,
438 2986 555 3072 patitur
583 2987 666 3051 enim
690 2997 722 3051 et
746 2986 855 3072 lingua
879 2997 991 3052 nostra
1012 2998 1047 3053 et
1062 2998 1175 3069 nauus,

141 3101 248 3143 rerum
273 3090 413 3143 veterem
438 3079 525 3143 illam
552 3081 820 3164 excellentemque
845 3079 1051 3166 prudentiam
1072 3080 1174 3149 Grae--

143 3193 253 3235 corum
277 3170 318 3233 ad
340 3180 484 3235 nostrum
505 3194 599 3236 usum
624 3196 808 3258 moremque
833 3173 1013 3254 transferri,
1041 3175 1101 3241 sed
1114 3162 1173 3241 bor-⁵

142 3262 279 3327 minibus
299 3284 379 3347 opus
399 3274 449 3328 est
466 3264 611 3343 eruditis,
639 3267 693 3349 qui
711 3268 815 3333 adhuc
831 3268 865 3333 in
882 3266 944 3334 hoo
968 3268 1102 3353 quidem
1115 3288 1178 3355 gc·

142 3378 217 3423 nere
240 3356 341 3421 nostri
362 3356 441 3421 nulli
466 3358 608 3436 fuerunt3
636 3358 686 3423 sin
708 3363 833 3444 quando
856 3360 1050 3441 exstiterint,
1078 3362 1160 3429 etim

145 3450 277 3519 Graecis
296 3462 388 3516 erunt
406 3450 629 3539 anteponendi.

90 3544 125 3601 25
204 3545 347 3614 Ornatur
373 3546 468 3634 igitur
487 3546 585 3613 oratio
608 3569 724 3635 genere
750 3548 888 3634 primum
905 3558 938 3615 et
954 3547 1050 3633 quasi
1066 3548 1160 3617 colore

95 3618 121 3659 ⁹⁶
143 3641 281 3725 quodam
298 3651 330 3707 ct
347 3662 423 3707 suco
443 3664 499 3707 suo
505 3666 514 3721 3
542 3664 616 3706 nam
632 3652 668 3706 ut
694 3642 816 3728 gravis,
843 3652 879 3707 ut
896 3642 1021 3722 suavis,
1047 3653 1086 3709 nt
1101 3664 1183 3709 eru.

143 3734 209 3799 dita
226 3735 280 3811 sit,
299 3746 334 3798 ut
351 3734 503 3813 liberalis,
526 3747 563 3800 ut
580 3735 787 3814 admirabilis,
809 3747 845 3801 ut
860 3735 973 3823 polita,
990 3748 1029 3801 ut
1046 3758 1163 3815 sensus,

142 3839 179 3893 ut
195 3828 312 3893 doloris
330 3830 446 3895 babeat
469 3841 622 3914 quantum
650 3854 730 3917 opus
749 3831 805 3909 sit,
822 3853 887 3896 non
904 3842 954 3897 est
972 3831 1166 3920 singulourm

143 3920 358 3999 articulorum
386 3922 419 3986 in
442 3933 508 3989 toto
537 3935 719 4010 spectantur
740 3924 821 3990 haec
847 3946 992 4012 corpore;
1019 3936 1059 3991 ut
1077 3946 1192 4015 porro„

143 4037 316 4103 conspersa
338 4014 380 4080 sit
401 4016 492 4100 quasi
519 4018 688 4083 verborum
714 4018 1002 4104 sententiarumque
1027 4020 1166 4097 floribus,
1192 4082 1201 4105 ,Α

142 4110 176 4175 id
193 4134 258 4177 nou
275 4109 370 4176 debet
386 4133 459 4176 esse
485 4110 593 4176 fusum
610 4112 814 4196 aequabiliter
830 4134 888 4200 per
905 4134 1034 4179 omnem
1057 4113 1169 4181 oratio·
1194 4160 1201 4181 .-

143 4226 226 4283 nem‚
246 4204 303 4270 sed
320 4204 366 4269 ita
383 4204 575 4284 distinctum,
592 4216 629 4271 ut
646 4206 710 4271 sint
726 4206 818 4290 quasi
834 4207 869 4271 in
884 4216 999 4273 ornatu
1016 4208 1171 4297 disposita

96 4324 122 4365 st
144 4298 301 4381 quaedam
327 4298 466 4386 insignia
491 4311 523 4367 et
549 4300 675 4367 lumina
718 4317 820 4388 genus
846 4300 943 4388 igitur
967 4300 1101 4370 dicendi
1125 4314 1173 4371 est

144 4389 338 4475 eligendum,
371 4394 456 4476 quod
480 4394 618 4461 maxime
649 4405 755 4462 teneat
781 4418 850 4475 eos,
881 4394 935 4480 qui
962 4396 1114 4479 audiant,
1143 4406 1173 4465 et
