2536 5040
204 227 247 292 28
513 238 553 294 M.
572 237 707 296 TULLII
726 236 926 294 CICERONIS

205 383 299 446 quem
324 383 420 447 saepe
439 361 533 426 audio
551 361 656 427 dicere
683 371 779 448 caput
800 383 873 426 esse
891 359 967 425 artis
995 359 1122 439 decere,
1152 382 1209 445 qu·
1222 397 1233 416 ι

148 486 187 525 aaa
205 467 311 521 tamen
336 478 435 521 unum
456 455 490 519 id
513 477 600 534 esse,
629 454 714 539 quod
739 455 822 519 tradi
840 465 907 519 arte
924 476 989 521 non
1010 454 1122 541 possit.
1171 479 1235 520 ·s·,

205 549 233 614 si
257 550 376 636 placet,
405 571 583 614 sermonem
610 548 672 613 alio
699 548 926 612 transferamus
954 558 986 612 et
1011 558 1121 613 nostro
1149 571 1204 615 mo
1224 585 1233 612 a

204 638 388 727 aliquando,
405 665 471 708 non
487 642 659 720 rhetorico,
677 641 863 727 loquamur!
909 641 1052 706 ‘minime
1071 641 1172 722 vero,'
1190 643 1233 709 in·

203 738 272 822 quit
298 735 409 817 Cotta3
436 744 535 801 ‘nunc
561 736 646 802 enim
673 746 703 801 te
729 736 794 800 iam
821 758 987 802 exoremus
1014 758 1152 802 necesse
1179 748 1234 823 cst,¹

203 831 353 916 quoniam
377 830 495 896 retines
513 853 572 895 nos
590 830 625 895 in
641 829 703 895 hoc
721 829 826 895 studio
842 852 903 895 nec
921 831 963 895 ad
985 830 1079 895 oham
1101 830 1234 909 dimittis¹

204 937 317 1004 artem,
342 935 380 990 nt
404 924 496 990 nobis
524 925 677 1011 explices,
702 925 919 1010 -quicquid
945 936 994 990 est
1019 925 1121 1003 istud,
1151 948 1224 1012 quo

203 1033 238 1085 tu
253 1020 288 1084 in
306 1020 440 1085 dicendo
456 1029 563 1105 potes3
581 1041 684 1103 neque
703 1019 787 1083 enim
806 1041 916 1084 sumus
932 1018 1027 1085 nimis
1046 1019 1223 1098 avidi31sr

203 1125 258 1179 tua
283 1114 434 1179 mediocri
460 1114 641 1197 eloquentia
667 1114 806 1178 contenti
833 1136 942 1178 sumus
960 1114 1117 1198 —idque
1141 1137 1185 1180 ex
1206 1125 1231 1181 u

202 1208 396 1292 quaerimus,
425 1208 474 1288 (ut
490 1231 531 1273 ne
547 1208 619 1294 plus
638 1231 697 1273 nos
724 1209 949 1293 adsequamur,
980 1231 1075 1292 quam
1099 1220 1232 1293 quantu·

201 1302 268 1366 lum
293 1312 328 1366 tu
352 1301 387 1365 in
412 1302 546 1367 dicendo
573 1303 742 1368 adsecutus
769 1302 818 1386 es)
846 1303 1008 1386 quoniam,
1035 1325 1117 1387 quae
1143 1326 1165 1369 a
1180 1326 1232 1369 na·

202 1406 274 1460 tura
299 1397 477 1483 expetenda
503 1406 591 1474 sunt,
619 1419 657 1461 ea
682 1396 760 1460 dicis
786 1419 851 1461 non
876 1396 971 1462 nimis
998 1397 1111 1461 deesse
1129 1397 1238 1483 nobis,

150 1487 185 1540 30
202 1490 279 1574 quid
303 1500 468 1576 praeterea
493 1513 565 1555 essa
592 1491 823 1555 adsumendum
847 1490 973 1577 putesl'
1002 1501 1069 1555 tum
1092 1489 1231 1557 Crassus

146 1559 185 1599 ¹³⁴
203 1583 351 1648 adridens
378 1584 470 1667 ‘quid
497 1583 634 1661 censes,'
660 1583 763 1668 inquit
790 1581 916 1662 ‘Cotta,
947 1584 1009 1649 nisi
1036 1583 1180 1650 studium
1204 1594 1232 1651 at

202 1679 347 1742 ardorem
374 1677 533 1761 quendam
559 1677 694 1743 amoris?
721 1677 789 1744 sine
816 1699 878 1763 quo
905 1699 978 1742 cum
1003 1678 1037 1743 in
1062 1678 1130 1745 vita
1155 1676 1243 1745 nihil·

202 1770 371 1855 quicquam
398 1771 576 1858 egregium,
610 1783 677 1836 tum
704 1783 789 1838 certe
815 1772 890 1850 hoc,
921 1771 1007 1856 quod
1032 1783 1067 1837 tu
1097 1773 1231 1860 expetis,

201 1887 295 1930 nemo
312 1887 463 1949 umquam
481 1866 680 1950 adsequetur.
724 1885 827 1951 neque
846 1888 921 1932 vero
940 1888 997 1932 vos
1017 1866 1058 1931 ad
1076 1888 1150 1932 eam
1166 1884 1242 1933 rem·

201 1957 295 2023 video
323 1981 394 2024 esse
420 1959 646 2037 cohortandos,
678 1982 773 2044 quos,
807 1981 879 2023 cum
905 1960 984 2023 mihi
1010 1981 1137 2044 quoque
1166 1960 1230 2027 sitis
1266 2001 1268 2020 .

146 2080 185 2120 rac
201 2052 342 2131 molesti,
369 2053 463 2117 nimis
491 2054 586 2118 etiam
614 2055 747 2141 flagrare
774 2054 924 2140 intellego
947 2053 1129 2141 cupiditate.
1177 2054 1241 2125 sed.

200 2147 343 2234 profecto
374 2147 479 2212 studia
509 2148 587 2213 nihil
617 2159 752 2235 prosunt
780 2148 987 2235 perveniendi
1017 2147 1139 2233 aliquo,
1171 2148 1241 2215 nisi

200 2241 293 2319 illud,
312 2242 398 2325 quod
415 2264 467 2319 eo,
486 2264 549 2326 quo
567 2241 728 2320 intendas,
746 2242 828 2306 ferat
846 2242 1054 2325 deducatque,
1072 2242 1229 2328 cognoris.

201 2357 264 2419 qua
279 2357 315 2399 re
333 2336 482 2421 quoniam
499 2335 576 2400 mihi
593 2335 695 2402 levius
719 2337 879 2421 quoddam
897 2359 976 2403 onus
995 2337 1159 2423 imponitis
1177 2350 1240 2404 ne-'

201 2450 262 2514 que
289 2451 329 2494 ex
354 2452 406 2496 me
433 2431 473 2494 de
495 2429 627 2495 oratoris
652 2441 733 2510 arte,
761 2432 819 2496 sed
836 2432 876 2496 de
902 2431 962 2495 hac
983 2453 1069 2509 mea,
1096 2442 1231 2514 quantu·

200 2523 366 2607 lacumque
392 2534 456 2602 est,
488 2524 637 2589 facultate
668 2525 832 2609 quaeritis,
864 2547 1021 2612 exponam
1048 2524 1140 2591 vobis
1168 2548 1230 2592 non

200 2619 359 2701 quandam
395 2630 450 2682 aut
482 2618 735 2704 perreconditam
766 2629 821 2682 aut
855 2619 948 2684 valde
984 2617 1147 2684 difficilem
1178 2632 1231 2685 aut

200 2711 417 2796 magnificam,
433 2722 488 2776 aut
512 2735 644 2797 gravem
673 2712 829 2778 rationem
860 2712 1097 2778 consuetudinis
1127 2736 1230 2793 meac,

200 2825 263 2886 qua
284 2805 444 2887 quondam
471 2805 583 2870 solitus
610 2828 681 2870 sum
707 2807 768 2886 uti,
796 2830 868 2873 cum
894 2806 972 2873 mihi
992 2807 1027 2870 in
1043 2806 1105 2872 isto
1124 2806 1230 2873 studio

144 2925 183 2964 mc
200 2897 320 2960 versari
333 2897 528 2964 adulescenti
541 2899 676 2965 licebat?
700 2912 767 2967 tum
783 2900 944 2989 Sulpicius
964 2909 998 2968 ‘o
1012 2900 1106 2981 diem,
1122 2898 1246 2983 Cotta,

199 2990 305 3055 nobis'
332 2990 436 3075 inquit
454 2993 625 3079 ‘optatuml
653 2996 739 3080 quod
761 2997 845 3061 enim
866 3018 969 3080 neque
989 2997 1137 3083 precibus
1160 3007 1265 3063 um·-

199 3105 294 3169 quam
311 3107 371 3151 neo
395 3085 574 3152 insidiando
597 3110 657 3153 nec
680 3090 873 3175 speculando
901 3091 1032 3175 adsequi
1052 3090 1159 3177 potui,
1185 3102 1239 3175 ut,-

199 3178 276 3263 quid
298 3177 435 3245 Crassus
463 3191 572 3268 ageret
596 3183 770 3248 meditandi
792 3196 847 3249 aut
873 3184 999 3249 dicendi
1025 3205 1136 3263 causa,
1164 3206 1230 3252 non

197 3276 293 3342 modo
319 3276 426 3341 videre
452 3276 543 3355 mihi,
571 3278 629 3341 sed
646 3300 686 3342 ex
712 3277 780 3342 eius
804 3279 956 3365 scriptore
978 3288 1011 3343 et
1031 3278 1152 3346 lectore
1169 3280 1232 3347 Di-

197 3368 285 3453 philo
304 3371 458 3457 suspioari
474 3371 597 3450 haeret,
619 3371 654 3435 id
673 3394 765 3457 spero
783 3395 842 3438 nos
865 3395 937 3437 esse
956 3373 1088 3459 adeptos
1107 3374 1249 3441 omnia-'-

199 3483 260 3545 que
277 3461 341 3526 iam
358 3486 399 3527 ex
415 3464 500 3550 ipso,
519 3487 599 3549 quae
618 3465 672 3529 diu
691 3466 850 3552 cupimus,
869 3466 1072 3553 cognituros?
1242 3490 1245 3495 ·

145 3553 180 3606 31
258 3555 343 3619 Turn
362 3555 500 3622 Crassus
520 3558 621 3641 ‘atqui
639 3559 796 3637 arbitror,’
817 3558 953 3647 Sulpici,
973 3568 1060 3626 ‘cum
1078 3560 1250 3641 audieris,.'

142 3624 180 3666 ²³⁷
198 3671 263 3714 non
281 3659 346 3714 tam
364 3662 395 3716 te
412 3651 492 3716 haec
510 3652 749 3733 admiraturum,
768 3677 849 3739 quae
867 3657 987 3735 dixero,
1006 3678 1101 3741 quam
1118 3644 1244 3751 existiss]

198 3755 356 3810 maturum
374 3757 455 3824 tum,
483 3769 555 3812 cum
573 3771 611 3813 ea
629 3749 737 3816 audire
760 3750 925 3837 cupiebas,
952 3773 1081 3816 causam
1099 3772 1157 3816 cur
1174 3774 1238 3819 οη·-

197 3862 291 3927 peres
317 3863 382 3905 non
407 3840 521 3920 fuisse;
553 3842 632 3907 nihil
658 3843 742 3908 enim
773 3844 877 3909 dicam
905 3844 1118 3923 reconditum,
1148 3844 1251 3933 mhrl¹

199 3935 434 4020 exspectatione
460 3948 567 4002 vestra
584 3937 729 4023 dignum,
755 3938 835 4002 nihil
852 3947 908 4002 aut
932 3938 1109 4003 inauditum
1134 3938 1227 4005 vobis
1261 4012 1264 4017 ,

198 4037 254 4091 aut
271 4027 417 4112 cuiquam
434 4053 562 4097 novum.
598 4052 673 4095 nam
689 4031 858 4119 principio,
877 4032 911 4097 id
928 4033 1014 4117 quod
1032 4042 1082 4098 est
1098 4030 1227 4098 homine
1245 4048 1252 4061 ·

1186 4208 1221 4243 ’Ἢ
