2498 5310
152 632 216 695 110
456 644 495 694 ul.
515 640 653 697 TULLII
670 638 875 695 CICERONIS

149 767 197 829 ‘in
214 765 342 829 Albano
362 786 486 827 eramus
506 784 567 847 ego
585 779 616 825 et
633 761 764 825 Marcus
782 760 892 825 filius?
941 760 1083 848 ‘sapiens
1122 793 1134 816 ι
1174 794 1186 835 ι

148 862 222 925 licet
239 860 335 924 bomo
353 880 425 921 cum
451 858 561 943 primis
579 873 707 921 nostrae
735 854 873 918 civitatis
896 868 999 919 norat
1015 855 1117 934 buncu
1166 887 1187 929 ιι

148 956 262 1041 gitem;
289 954 465 1027 metuebat,
484 974 539 1028 ne,
562 972 635 1014 eum
652 950 680 1013 is
698 947 777 1011 nihil
794 947 948 1026 haberet,
972 948 1052 1013 nihil
1068 970 1120 1013 csse
1169 972 1187 1024 ,ιι

148 1050 292 1115 relictum
318 1046 501 1134 putaretur?
546 1059 613 1109 tum
635 1067 676 1108 ex
701 1042 782 1107 libro
809 1042 921 1120 tertio,
950 1042 1070 1127 inquo
1094 1075 1125 1099 ιιι
1176 1053 1187 1118 h

149 1142 308 1208 scribendi
326 1141 401 1205 fecit
418 1151 527 1203 —tot
544 1140 643 1215 enim,
669 1149 707 1201 ut
724 1136 831 1201 audivi
849 1134 1051 1203 Scaevolam
1070 1137 1125 1201 du
1177 1174 1187 1188 ·

149 1250 224 1302 sunt
241 1236 307 1299 veri
323 1234 416 1298 Bruti
433 1234 504 1298 libri
520 1270 565 1279 —
597 1233 645 1296 ‘iu
662 1231 788 1296 Tiburti
804 1231 888 1295 forte
915 1231 1096 1297 adsedimus
1161 1265 1187 1303 ιιι

148 1344 181 1395 et
197 1330 329 1392 Marcus
347 1328 451 1391 filius?
497 1326 567 1391 ‘ubi
590 1338 665 1390 sunt
690 1326 724 1389 bi
740 1324 845 1401 fundi,
873 1324 999 1403 Brute,
1026 1346 1118 1409 quos
1165 1360 1187 1399 ι

147 1438 239 1509 pater
264 1422 398 1507 publicis
426 1420 659 1484 commentariis
686 1418 891 1503 consignatos
917 1418 1068 1502 reliquit?
1098 1451 1113 1474 ιι
1155 1437 1182 1482 ι·

148 1517 210 1580 uisi
231 1516 384 1601 puberem
402 1526 447 1592 te,
478 1514 594 1597 inquit,
624 1513 689 1577 iam
715 1513 859 1589 haberet,
891 1523 1046 1596 quartum
1094 1545 1118 1568 ιι
1157 1550 1183 1578 ιι-

149 1608 381 1694 composuisset
392 1620 424 1672 et
437 1631 472 1672 se
486 1608 581 1672 etiam
597 1607 632 1671 in
648 1607 770 1673 balneis
785 1607 926 1714 lojtum
941 1627 1020 1671 cum
1031 1606 1090 1673 filie
1168 1642 1184 1672 ιι

91 1730 131 1770 aes
147 1713 238 1789 ptum
254 1701 454 1785 reliquisset.’
498 1702 569 1787 quis
587 1711 637 1767 est
653 1701 763 1787 igitur,
790 1722 844 1784 qm
860 1723 927 1764 non
946 1700 1115 1779 fateetru,
1169 1739 1187 1789 ι

149 1798 257 1884 lepore
276 1809 370 1880 atque
388 1796 438 1861 his
461 1796 584 1861 facetiis
611 1819 675 1860 non
692 1795 796 1858 minus
817 1794 997 1859 refutatum
1014 1818 1081 1861 esse
1102 1802 1123 1850 b
1165 1828 1185 1856 ι

149 1904 219 1956 tum
253 1891 428 1975 quantillis
447 1891 631 1976 tragoediis,
659 1911 738 1973 quas
756 1888 822 1974 egit
839 1888 941 1967 idem,
957 1882 1041 1977 §tun
1057 1884 1130 1955 casu'
1162 1923 1184 1952 u

150 1987 265 2050 eadem
283 2008 380 2049 causa
406 1984 570 2047 efferretur
597 2006 676 2046 anus
694 1970 810 2079 Iunia)
839 2005 899 2069 pro
917 1982 952 2047 di
978 1982 1074 2049 imuto
1102 2015 1124 2037 υ
1166 2011 1187 2052 ιι(

150 2101 232 2160 quae
250 2078 311 2140 fuit
326 2077 394 2152 illo,
422 2089 540 2157 quanta
558 2075 620 2139 visl
648 2097 744 2157 quam
759 2076 997 2163 inexspectatal
1023 2098 1106 2161 quam
1133 2103 1135 2106 ⁴
1176 2109 1187 2144 ιι

147 2168 292 2255 pentinal
321 2189 393 2231 cum
415 2168 565 2232 coniectis
592 2168 707 2246 oculis,
735 2180 829 2256 gestu
851 2169 940 2234 omni
954 2171 1035 2237 et'n
1051 2170 1132 2230 ιιίιιΙ
1175 2207 1178 2232 ι

150 2284 275 2326 srunma
304 2260 460 2347 gravibus
491 2272 523 2326 ct
554 2260 713 2327 celeritate
739 2264 910 2329 verborum
942 2266 1073 2343 ‘Brute,
1102 2292 1119 2317 ιι
1168 2301 1184 2347 ι,

150 2355 263 2419 sedes?
289 2354 365 2439 quid
381 2355 469 2419 illam
487 2378 586 2420 anum
602 2356 685 2442 patri
701 2358 847 2422 nuntiare
864 2358 913 2422 vis
932 2360 1011 2425 tuo?
1028 2356 1097 2443 quid
1120 2363 1133 2404 t·
1169 2394 1177 2418 ι

150 2449 312 2527 omnibus,
339 2470 474 2533 quorum
499 2450 655 2536 imagines
673 2450 746 2515 duci
771 2452 881 2517 vides?
905 2452 986 2537 quid
1011 2452 1084 2517 m='·
1115 2483 1117 2502 ι
1165 2487 1185 2517 ιι

149 2543 232 2608 tuis?
258 2544 335 2627 quid
351 2543 394 2608 L.
412 2544 529 2622 Bruto,
556 2545 611 2628 qui
628 2543 713 2609 hunc
733 2546 888 2633 populum
909 2546 1075 2612 dominatu
1106 2538 1132 2620 ιμ’

149 2638 314 2703 liberarit?
340 2638 417 2723 quid
434 2650 465 2702 te
484 2640 598 2724 agere?
624 2639 675 2703 cui
691 2640 752 2718 rei,
776 2640 827 2704 cui
844 2640 981 2727 gloriae,
1006 2640 1057 2706 cui
1081 2669 1084 2680 ι
1115 2667 1124 2688 ι

150 2733 296 2797 studere?
313 2732 543 2819 patrimonioue
560 2733 727 2818 augendo?
744 2744 777 2798 at
793 2734 827 2798 id
844 2757 909 2800 uon
927 2746 979 2800 est
995 2734 1090 2801 nobili
1106 2761 1122 2778 ¹
1135 2738 1138 2750 ‘
1172 2768 1186 2796 ιι

93 2854 132 2895 aas
150 2827 208 2891 sed
229 2827 281 2891 fac
303 2850 390 2904 csse,
417 2826 496 2890 nihil
518 2837 677 2913 superest3
704 2827 851 2893 libidines
879 2838 982 2893 totum
1006 2830 1138 2893 dissi-³«
1166 2859 1182 2898 ,ι

148 2932 232 2985 runt.
277 2944 318 2984 an
339 2922 400 2985 iuri
422 2921 525 2985 civili?
552 2932 601 2985 est
622 2932 798 3007 paternum.
843 2922 901 2986 sed
923 2921 1010 2987 dicet
1035 2932 1078 2999 te,
1104 2949 1131 2974 ιιι

150 3014 237 3079 aedis
263 3013 434 3091 venderes,
461 3036 502 3077 ue
519 3015 552 3077 in
569 3015 649 3078 rutis
673 3015 801 3097 quidem
819 3026 851 3080 et
868 3015 971 3081 caesis
990 3016 1099 3081 solium
1117 3045 1132 3058 ·ι
1169 3046 1180 3069 ι

147 3119 315 3192 paternum
331 3108 508 3190 reliquisse.
532 3131 573 3171 an
589 3108 636 3172 rei
652 3109 799 3173 militari?
817 3110 871 3194 qui
883 3132 1059 3195 numquam
1080 3141 1098 3164 ιε
1109 3157 1111 3162 ,
1122 3139 1133 3158 ιι
1171 3144 1185 3166 -ι

148 3200 279 3265 viderisl
307 3225 348 3266 an
367 3200 582 3285 eloquentiae?
608 3223 689 3285 quae
706 3225 809 3287 neque
832 3204 932 3269 estin
949 3214 997 3284 te,
1020 3216 1065 3284 et,
1094 3196 1125 3258 ιι
1130 3235 1133 3246 ι

148 3294 296 3378 quidest
322 3294 410 3360 vocis
434 3315 471 3358 ac
496 3293 639 3380 linguae,
666 3318 759 3361 omne
780 3298 814 3361 in
833 3298 932 3362 istum
959 3296 1127 3386 ιιιῳιε;“ιιιιιι
1171 3339 1182 3368 Ι,

149 3389 324 3454 calumniae
342 3398 510 3471 quaestum
528 3388 701 3453 contulisti!
725 3401 759 3454 tu
777 3391 880 3456 lucem
899 3392 1044 3478 aspicere
1061 3388 1135 3457 aude
1172 3419 1180 3444 ι

148 3496 182 3549 tu
200 3484 258 3549 hos
276 3481 410 3546 intueri?
437 3481 522 3546 tuin
539 3483 623 3563 foro,
651 3494 683 3548 tu
702 3485 735 3548 in
752 3487 845 3564 urbe,
868 3495 903 3550 tu
919 3486 954 3549 in
972 3487 1088 3551 civium
1107 3513 1125 3538 ιι
1176 3489 1184 3536 t

148 3578 338 3666 conspectu?
369 3586 405 3642 tu
430 3577 518 3643 illam
543 3589 714 3657 mortuam,
746 3589 782 3644 tu
811 3579 966 3666 imagines
998 3580 1086 3667 ipsas
1113 3607 1147 3640 u,
1176 3612 1182 3658 ι

20 3740 128 3762 W„
130 3671 380 3763 perhorrescis?
407 3673 522 3757 quibus
543 3697 608 3740 non
633 3675 729 3740 modo
755 3673 929 3751 imitandis,
958 3674 1018 3739 sed
1039 3696 1080 3739 ne
1105 3699 1133 3727 ιιι

95 3763 130 3817 56
147 3766 288 3832 locandis
315 3768 443 3852 quidem
460 3768 518 3833 tibi
542 3768 648 3833 locum
673 3768 773 3833 ullum
799 3766 973 3852 reliquisti?
1019 3768 1077 3834 sed
1104 3793 1144 3822 ιι

91 3835 129 3877 m
148 3859 269 3945 tragica
286 3871 381 3945 atque
408 3861 528 3939 divina3
556 3862 661 3926 faceta
678 3872 784 3927 autem
802 3874 835 3926 et
849 3863 972 3926 urbana
997 3861 1113 3927 innum
1181 3883 1182 3900 ι

147 3952 224 4019 bilia
248 3954 301 4017 vel
327 3976 367 4018 ex
393 3975 458 4017 una
483 3954 629 4019 contione
654 3954 857 4031 meministis3
883 3977 943 4019 uec
966 3956 1052 4021 enim
1085 3987 1099 4012 ιι
1112 3948 1154 4009 ι·“ι
1183 3959 1185 4002 ι

149 4046 306 4114 contentio
324 4067 476 4130 umquam
493 4046 553 4110 fuit
569 4067 629 4110 nec
650 4047 736 4132 apud
752 4046 905 4132 populum
930 4050 1059 4134 gravior
1075 4040 1161 4115 orstl’

149 4165 244 4227 quam
252 4139 346 4205 buius
356 4150 466 4205 contra
479 4140 644 4226 conlegam
652 4140 686 4203 in
695 4161 829 4204 censure
841 4161 943 4226 nuper
954 4166 1059 4229 neque
1067 4142 1154 4229 leport

149 4247 181 4301 et
197 4234 368 4301 festivitate
385 4233 548 4298 conditior.
571 4254 685 4316 quare
703 4232 768 4310 tibi,
787 4234 919 4314 Antoni,
936 4246 1103 4323 utrumque
1114 4224 1166 4297 sl·-

149 4330 268 4395 sentior
285 4339 318 4394 et
333 4327 468 4392 multum
490 4326 621 4392 facetias
638 4326 671 4391 in
689 4327 822 4395 dicendo
849 4331 1001 4416 prodesse
1029 4326 1155 4417 saepetl

149 4445 204 4487 eas
224 4435 290 4489 arte
308 4422 395 4486 nullo
413 4422 508 4487 modo
526 4444 622 4508 posse
649 4422 744 4488 tradi:
771 4423 850 4490 illud
872 4426 1000 4510 quidem
1026 4423 1156 4491 admiros

20 4635 100 5000 ι
214 4560 361 4832 ἰ
