2536 5040
199 240 261 304 142
500 248 539 302 M.
560 246 696 303 TULLII
715 243 916 301 CICERONIS

196 394 302 439 essem
319 381 384 435 tam
400 371 572 435 inurbanus
590 379 623 434 et
638 390 739 456 paene
756 366 961 444 inhumanus,
978 367 1026 430 uti
1042 367 1078 430 in
1096 389 1136 431 eo
1153 390 1217 453 gra·

141 496 181 538 aas
198 489 303 544 verer,
334 465 420 548 quod
444 486 502 529 vos
530 483 644 548 cupere
671 461 839 526 sentirem!
884 472 952 525 tum
979 458 1142 546 Sulpicius
1170 468 1232 527 ‘aa

197 559 288 646 ergo’
306 558 408 643 inquit
434 556 565 622 ‘oblitus
583 578 633 634 es,
658 553 790 633 Crasse,
817 553 993 619 Antonium
1010 553 1055 618 ita
1071 553 1227 639 partitum·

196 662 411 729 essetecum,
439 654 478 724 fut
503 650 572 735 ipse
601 650 843 714 instrumentum
873 648 1005 713 oratoris
1038 658 1230 734 exponeret,-

197 746 255 811 tibi
276 746 344 810 eius
371 742 602 808 distinctionem
628 751 722 825 atque
749 752 893 806 ornatum
918 740 1143 823 relinqueret?
1170 740 1214 805 hio

196 840 249 905 ille
268 838 417 925 ‘primum
435 837 505 921 quis
523 835 664 900 Antonio
690 834 857 920 permisit,'
884 834 985 917 inquit
1007 840 1057 898 ‘ut
1075 843 1107 898 et
1124 830 1212 898 mei*

198 933 297 1018 partis
315 932 434 996 faceret
451 940 483 995 et
499 941 602 994 utram
620 928 715 993 vellet
730 928 817 1013 prior
833 928 902 1014 ipse
920 929 1078 993 sumeret?
1095 927 1227 1017 (ιιιίιιάι,ΙΙ

198 1048 258 1111 ego
278 1025 406 1090 sirecte
423 1023 578 1101 intellexi,
605 1043 677 1086 eum
695 1023 787 1085 valde
809 1021 943 1086 libenter
960 1020 1116 1099 audirem,
1143 1020 1213 1085 mihi
1220 1034 1231 1087 ·'.

200 1118 365 1184 coniuncte
392 1129 442 1182 est
467 1117 554 1181 visus
582 1116 621 1181 de
647 1125 779 1197 utraque
804 1137 840 1180 re
868 1113 990 1180 dicere!
1036 1114 1103 1178 ‘illo
1130 1112 1226 1179 vero’¹

196 1211 297 1295 inquit
315 1209 410 1276 Cotta
437 1216 635 1276 ‘ornamenta
656 1208 804 1274 orationis
821 1231 885 1273 non
909 1207 1013 1294 attigit
1028 1229 1133 1291 neque
1151 1194 1228 1279 osmi

197 1303 333 1383 laudem,
352 1327 392 1368 ex
410 1326 473 1387 qua
490 1303 668 1387 eloquentia
684 1325 799 1368 nomen
817 1324 910 1366 suum
926 1300 1066 1366 invenit?
1108 1300 1231 1365 ‘verber

197 1397 306 1484 igitur'
333 1397 434 1481 inquit
453 1395 590 1462 Crassus
610 1396 701 1460 ‘mihi
717 1395 842 1479 reliquit
863 1394 1038 1471 Antonius,
1064 1415 1134 1458 rem
1151 1393 1231 1479 ipse¹

141 1519 179 1558 ιιι
199 1491 352 1578 sumpsit’
397 1503 465 1555 tum
491 1488 612 1556 Caesar
639 1490 695 1567 ‘si,
724 1491 807 1574 quod
830 1489 987 1554 difficilius
1014 1498 1077 1565 est,
1103 1487 1138 1552 id
1163 1485 1228 1553 tibi·

196 1584 335 1669 reliquit,
364 1595 412 1648 est
437 1584 542 1649 nobis’
569 1583 670 1666 inquit
696 1589 820 1659 ‘eausa
848 1603 903 1646 eur
924 1591 956 1646 te
979 1581 1087 1648 audire
1114 1582 1212 1669 cupis·

196 1701 267 1741 mus
273 1702 282 1754 3
307 1677 369 1754 sin,
389 1676 473 1760 quod
490 1675 628 1753 facilius,
648 1675 704 1739 tibi
722 1696 818 1740 eausa
834 1698 899 1742 non
917 1685 979 1754 est,
998 1698 1054 1741 eur
1070 1674 1210 1740 recuses?
1228 1704 1236 1759 ·.¹

197 1779 229 1834 et
247 1767 381 1834 Catulus
400 1767 503 1851 ‘quid,
531 1769 615 1852 quod
633 1766 764 1846 dixisti:
790 1769 892 1852 inquit
909 1767 1056 1846 ‘Crasse,
1081 1767 1229 1834 si-hodIe-

197 1861 282 1946 apud
308 1872 339 1925 te
369 1882 582 1938 maneremus,
615 1873 645 1926 te
671 1885 791 1927 morem
820 1862 912 1927 nobis
943 1885 1014 1927 esse
1045 1856 1239 1948 gesturums.

196 1953 313 2018 nihilne
332 1954 372 2018 ad
389 1955 484 2019 fidem
501 1965 588 2019 tuam
604 1966 697 2043 putas
709 1956 898 2042 pertinerei'
919 1967 986 2020 turn
1000 1954 1097 2021 Cotta
1112 1955 1210 2020 ridens
1225 1954 1238 2039 ’ἰ

198 2051 342 2133 ‘possem
369 2047 454 2125 tibi‚'
481 2047 583 2131 inquit
609 2046 757 2127 ‘Crasse,
785 2049 969 2126 concedere3
997 2048 1054 2114 sed
1080 2047 1153 2113 vids
1177 2068 1210 2111 ne

197 2139 273 2223 quid
287 2136 420 2205 Catulus
439 2140 577 2205 attulerit
593 2141 769 2227 religionis:
787 2142 848 2207 hoo
866 2164 945 2227 opus
964 2141 1143 2207 censorium
1160 2150 1208 2217 est,
1221 2158 1231 2215 ·,

195 2232 229 2297 ιιι
255 2242 360 2298 autem
385 2235 512 2299 commit
500 2243 578 2298 ttere
604 2235 693 2300 vides
714 2256 815 2344 quam
841 2234 961 2300 homini
983 2235 1127 2301 censorio
1144 2255 1210 2300 eon·
1222 2270 1225 2281 ·

196 2326 321 2392 veniat?
367 2328 465 2414 ‘agite
491 2327 579 2393 vero'
608 2325 722 2414 [ille]
712 2329 815 2412 mquit
836 2335 887 2392 ‘ut
910 2327 1015 2393 voltis.
1060 2329 1119 2394 sed
1135 2346 1209 2392 nuno

196 2420 337 2505 quidem,
363 2422 511 2504 quoniam
529 2421 628 2486 estid
646 2423 809 2509 temporis,
838 2422 1032 2509 surgendum
1053 2444 1169 2488 oenseo
1184 2430 1230 2485 ιιξ

195 2513 469 2597 requiescendum
497 2525 570 2602 post
587 2515 764 2594 meridiem,
793 2516 820 2581 si
837 2516 882 2580 ita
903 2516 993 2581 vobis
1012 2526 1062 2580 est
1080 2537 1209 2581 eommo-
1221 2526 1235 2587 “,

197 2607 286 2684 dum,
312 2608 476 2691 loquemur
503 2609 634 2692 aliquid,
662 2609 723 2674 nisi
745 2611 826 2675 forte
847 2610 880 2673 in
898 2609 1070 2674 erastinum
1092 2610 1210 2674 differre

195 2700 362 2764 mavoltis'
398 2723 508 2766 omnes
528 2724 562 2767 se
580 2703 630 2767 vel
650 2703 756 2767 statim
773 2703 824 2768 vel
843 2703 870 2768 si
887 2704 955 2789 ipse
969 2715 1042 2789 post
1054 2703 1209 2769 meridiem
1229 2696 1241 2771 ’ζ

195 2793 316 2870 mallet,
336 2795 583 2879 quamprimum
601 2805 707 2860 tamen
725 2797 832 2861 audire
850 2797 931 2861 velle
950 2797 1106 2862 dixerunt.
1233 2784 1236 2797 ι

319 3126 320 3130 ,
452 3080 501 3146 Μ.
524 3081 688 3149 TULLII
710 3081 957 3148 CICERONIS
1236 3152 1239 3157 .

262 3182 327 3248 DE
350 3182 573 3250 ORATORE
594 3184 661 3248 AD
684 3183 901 3266 QUINTUM
920 3185 1146 3251 FRATREM

525 3348 660 3403 LIBER
678 3347 886 3406 TERTIUS.

160 3530 176 3586 1
253 3536 435 3607 Instituenti
460 3536 550 3614 mihi,
582 3536 701 3618 Quinte
670 3538 790 3603 ttfra
777 3548 837 3616 ter,
865 3561 937 3603 eum
964 3561 1142 3604 sermonem
1167 3546 1257 3605 re·'‘¹

161 3605 334 3696 ιιθιιθι
303 3640 334 3694 et
358 3630 508 3694 mandare
530 3630 603 3694 huie
629 3631 700 3695 tert
678 3642 721 3697 tro
747 3632 841 3709 libro,
868 3654 963 3715 quem
987 3644 1062 3718 post
1082 3582 1258 3699 Antoniii

195 3723 439 3810 disputationem
458 3720 595 3788 Crassus
614 3722 791 3803 habuisset,
815 3726 928 3790 acerba
946 3747 1022 3790 sane
1039 3722 1258 3793 recordatio

194 3827 333 3882 veterem
351 3816 446 3881 animi
463 3837 570 3881 euram
587 3817 826 3902 molestiamque
842 3819 1019 3897 renovavit,
1045 3842 1121 3884 nam
1138 3819 1217 3885 illud
1249 3878 1252 3883 .

194 3909 425 3975 immortalitate
444 3909 575 3997 dignum
591 3911 767 3998 ingenium,
794 3912 849 3977 illa
865 3911 1059 3990 humanitas,
1080 3913 1136 3978 illa
1153 3913 1218 3978 vir-

194 4012 245 4065 tus
263 4003 304 4066 L.
324 4002 435 4070 Crassi
450 4015 552 4070 morte
579 4006 733 4072 exstincta
759 4006 863 4072 subita
883 4016 933 4071 est
954 4007 1008 4072 vix
1029 4005 1143 4071 diebus
1163 4007 1220 4072 de·
