2536 5040
200 240 263 305 146
504 250 543 306 Μ.
564 248 701 307 TULLII
720 247 922 306 CICERONIS

199 378 276 454 sint,
304 396 544 458 sermonemque
562 374 604 437 L.
624 370 735 438 Crassi
755 371 912 456 reliquum
930 392 968 437 ac
984 393 1088 458 paene
1106 382 1220 459 postm-

197 493 286 534 mum
310 468 481 533 momoriae
512 467 702 552 prodamus,
735 476 829 549 atque
861 465 905 543 ei,
937 465 997 531 etsi
1026 487 1175 552 nequaqu
1255 489 1264 527 ·.

197 585 308 650 parem
332 562 416 625 illius
443 560 586 647 ingenio,
618 570 651 625 at
675 582 733 646 pro
760 570 869 625 nostro
896 570 1003 625 tamen
1030 560 1138 626 studio
1161 582 1218 627 me·
1254 582 1264 623 ε

158 658 291 725 saritam
308 657 443 743 gratiam
461 655 662 738 debitamque
683 654 868 720 referamus.
912 676 1016 737 neque
1039 654 1126 719 enim
1143 654 1190 739 qui
1262 679 1264 684 ·

198 775 294 837 quam
315 761 475 827 nostrum,
502 770 574 813 cum
595 748 692 814 libros
709 747 855 814 Platonis
881 747 1067 814 mirabiliter
1093 749 1216 837 scriptos
1261 772 1264 777 ·

196 847 288 933 legit,
316 845 482 927 inquibus
501 843 647 908 omnibus
666 843 733 907 fore
752 841 902 908 Socrates
925 841 1127 929 exprimitur,
1151 865 1188 908 no
1262 865 1264 869 ’

197 961 389 1024 quamquam
406 938 461 1001 illa
479 935 597 1023 scripta
616 946 690 1000 sunt
708 935 872 1013 divinitus,
890 946 997 1000 tamen
1014 935 1119 1001 maius
1137 935 1186 1021 qui

198 1034 272 1099 dam
304 1034 343 1097 de
374 1031 443 1108 iilo,
479 1031 519 1095 de
551 1052 613 1113 quo
645 1030 762 1116 scripta
794 1040 880 1107 sunt,
916 1029 1112 1115 suspicatur,
1142 1028 1215 1114 quod
1261 1049 1264 1056 ·

198 1127 274 1192 item
291 1149 350 1190 uos
377 1123 575 1209 postulamus
598 1145 663 1189 non
681 1133 748 1189 ate
766 1123 908 1206 quidem,
935 1123 990 1207 qui
1006 1122 1100 1189 nobis
1122 1122 1216 1189 omnia

198 1242 323 1285 summa
340 1217 468 1295 tribuis,
487 1217 545 1282 sed
562 1241 582 1282 a
599 1217 721 1295 ceteris,
741 1216 795 1301 qui
811 1217 891 1281 haec
907 1216 941 1281 in
958 1240 1072 1282 manus
1091 1228 1220 1297 sument,¹
1258 1237 1264 1275 ι

196 1313 298 1377 maius
316 1324 352 1377 ut
369 1312 520 1394 quiddam
543 1313 582 1378 de
599 1311 642 1377 L.
661 1310 797 1389 Crasso,
825 1333 921 1394 quam
943 1320 1097 1395 quantum
1120 1307 1155 1397 [a
1167 1334 1221 1377 ιιιιι·

160 1433 185 1474 ιι
197 1406 262 1495 bis]
291 1407 498 1493 exprimetur,
527 1406 735 1493 suspicentur.
778 1428 837 1471 nos
865 1405 963 1484 enim,
991 1406 1046 1489 qui
1071 1405 1135 1493 ipsi
1160 1427 1219 1471 ser-

197 1500 284 1567 moni
309 1524 374 1566 non
404 1499 657 1565 interfuissemus
691 1511 724 1565 et
752 1499 866 1582 quibus
893 1496 932 1564 C.
962 1497 1060 1565 Cotta
1090 1510 1230 1565 tantum-²

196 1596 291 1661 modo
309 1594 397 1659 locos
416 1614 453 1657 ac
471 1592 643 1657 sententias
661 1591 755 1657 huius
783 1591 1005 1679 disputationis
1032 1593 1221 1677 tradidisset,-

198 1687 311 1771 quoin
333 1708 450 1770 genere
476 1684 626 1750 orationis
653 1696 822 1769 utrumque
849 1697 1006 1751 oratorem
1032 1708 1225 1773 cognovera-

197 1802 278 1856 mus,
288 1779 344 1842 id
335 1801 440 1863 1psum
454 1800 563 1842 sumus
577 1778 611 1841 in
625 1800 734 1843 eorum
747 1802 891 1846 sermone
905 1780 1093 1845 adumbrare
1109 1778 1222 1846 conati·
1210 1826 1232 1844 ..

197 1871 311 1981 quodsi
329 1870 399 1955 quis
419 1871 486 1949 erit,
505 1893 560 1954 qul
549 1858 652 1936 duct
640 1883 689 1936 tus
708 1872 855 1958 opinione
872 1872 959 1959 volgi
977 1883 1032 1938 aut
1048 1872 1232 1940 Antonium.

196 1965 380 2031 ieiuniorem
407 1976 462 2029 aut
449 1963 643 2031 tCrassum
669 1965 843 2051 pleniorem
869 1966 969 2032 fixisse
995 1976 1100 2055 putet,
1133 1988 1222 2051 quam

199 2082 261 2142 quo
287 2059 382 2123 modo
401 2083 421 2123 a
436 2058 591 2124 nobist
555 2081 577 2122 u
579 2069 688 2142 terque
713 2058 937 2125 inductust
888 2070 951 2137 est,
978 2059 1006 2124 is
1024 2060 1084 2126 erit
1111 2083 1155 2126 ex
1170 2059 1241 2139 eia?

200 2154 255 2237 qui
281 2164 336 2218 aut
361 2153 433 2218 illos
463 2176 529 2218 non
562 2152 718 2219 audierint
744 2163 799 2218 aut
827 2153 966 2219 iudicare
992 2177 1056 2219 nou
1086 2154 1226 2239 possint}

195 2271 271 2313 nam
302 2248 362 2312 suit
392 2258 538 2331 uterque,
571 2258 606 2310 ut
636 2247 770 2333 exposui
800 2260 907 2326 antea,
943 2269 1015 2312 cum
1041 2246 1150 2315 studio
1181 2240 1237 2313 at·'

196 2364 257 2426 que
275 2341 403 2429 ingenio
422 2352 454 2407 et
479 2340 622 2405 doctrina
647 2352 813 2427 praestans
843 2341 1003 2419 omnibus,
1030 2352 1100 2406 tum
1117 2342 1153 2407 in
1169 2334 1247 2409 suc‘

197 2459 314 2522 genere
332 2436 454 2546 perfect
455 2458 507 2512 us,
534 2446 690 2518 utueque
708 2436 741 2500 in
758 2436 900 2502 Antonio
919 2435 1046 2501 deesset
1062 2435 1118 2501 hic
1135 2458 1229 2503 orna·

161 2529 247 2596 5tus
266 2532 417 2597 orationis
435 2552 538 2614 neque
556 2530 589 2594 in
609 2528 728 2596 Crasso
745 2531 945 2596 redundaret
984 2540 1021 2595 ut
1036 2529 1137 2616 igitur
1155 2530 1249 2597 ame=

157 2601 360 2690 ”meridiem
379 2626 593 2690 discesserunt
580 2625 835 2710 tpaululumque
854 2625 1045 2708 requierunt,
1062 2624 1097 2689 in
1115 2624 1250 2713 primis:

195 2718 257 2783 hoc
275 2742 294 2782 a
312 2741 347 2783 se
366 2716 430 2784 Cot
417 2729 463 2782 tta
489 2718 744 2783 animadversum
770 2741 841 2786 esse
870 2720 1009 2797 dicebat,
1035 2741 1133 2784 omne
1150 2718 1228 2785 illud
1242 2754 1250 2787 .-

195 2821 319 2895 tempus
346 2811 555 2875 meridianum
583 2809 773 2877 Crassum
763 2837 797 2876 m
823 2813 976 2878 acerrima
1001 2823 1096 2896 atque
1125 2823 1230 2879 atten-
1246 2803 1256 2835 '¹

195 2902 317 2966 tissima
344 2903 534 2988 cogitatione
558 2904 705 2990 posuisse
738 2927 885 2989 seseque,
918 2906 972 2990 qui
997 2906 1121 2971 voltum
1148 2906 1255 2985 eiua*

195 2995 315 3060 cumei
343 2996 511 3061 dicendum
538 3008 637 3075 esset,
664 2999 872 3108 obtutumque
901 2998 1090 3065 oculorum
1080 3023 1117 3065 ιιι
1139 3000 1254 3087 cogi·-

195 3090 290 3157 tando
307 3092 406 3178 probe
425 3103 534 3157 nosset
552 3102 646 3176 atque
663 3091 697 3156 in
713 3092 860 3158 maximis
887 3094 991 3159 causis
1011 3116 1108 3179 saepe
1126 3094 1264 3209 vidis-q

195 3195 257 3263 set‚
284 3196 352 3249 tum
379 3184 485 3250 dedit
466 3180 607 3272 aopera
633 3186 866 3270 quiescentibus
882 3187 990 3254 aliis'
980 3211 1014 3252 m
1035 3209 1109 3252 eam
1127 3140 1264 3321 erbe-q

195 3279 285 3343 dram
301 3279 443 3357 venisse,
471 3279 504 3344 in
522 3302 585 3364 qua
603 3279 741 3346 Crassus
758 3280 943 3368 positot
880 3281 943 3346 lect
942 3281 996 3346 ulo
1012 3280 1264 3373 recubuissetq

195 3394 329 3456 eumque
357 3397 430 3437 eum
457 3375 622 3439 defixum
612 3400 646 3440 ιιι
664 3375 854 3462 cogitatione
873 3398 944 3441 esse
963 3374 1133 3453 sensisset,
1161 3374 1264 3475 sta-24²

194 3465 250 3529 tim
267 3467 439 3531 recessisse
466 3479 560 3551 atque
577 3469 611 3533 in
629 3492 666 3535 eo
694 3470 817 3535 silentio
845 3469 924 3535 duas
951 3470 1045 3534 horas
1063 3467 1134 3534 fere
1153 3448 1264 3537 essai

193 3570 408 3644 consumptas.
454 3560 567 3626 deinde
591 3584 663 3626 cum
681 3586 790 3630 omnes
813 3562 989 3628 inclinato
930 3575 1044 3628 tram
1060 3561 1094 3626 in
1111 3568 1264 3656 poma-'i

191 3652 348 3718 ridianum
366 3664 499 3763 tempus
526 3655 577 3719 die
604 3655 765 3721 venissent
752 3657 834 3721 tad
852 3655 1020 3734 Crassum,
1047 3654 1144 3739 ‘quid
1165 3666 1231 3737 est,
1249 3669 1264 3734 ἰ

194 3746 338 3826 Crasse?
364 3748 467 3833 inquit
454 3748 637 3814 Itulius‘
628 3772 753 3816 rmusne
771 3752 915 3816 sessum?
942 3751 1002 3816 etsi
1025 3750 1230 3817 admonitum

153 3868 179 3908 ιι
193 3843 337 3907 venimus
357 3852 402 3921 te,
429 3867 494 3909 non
510 3843 634 3930 flagitat
633 3843 707 3909 um!
752 3855 819 3909 tum
838 3842 977 3910 Crassus
1004 3850 1061 3908 ‘an
1081 3866 1136 3909 mc
1159 3855 1230 3911 tam

191 3936 408 4022 impudentem
434 3961 506 4004 esse
532 3939 733 4016 existimatis,
764 3950 800 4003 ut
825 3938 916 4004 vobis
943 3939 1004 4004 hoc
1033 3938 1231 4026 praesertim

192 4052 307 4095 munus
342 4041 451 4117 putem
487 4031 603 4098 diutius
638 4053 733 4118 posse
765 4031 911 4097 debere?
947 4031 1076 4116 quinam
1112 4030 1232 4119 igitur’

1213 4240 1246 4337 ι
