2498 5310
151 636 194 699 36
459 645 497 700 hl.
517 643 653 701 TULLII
672 642 872 700 CICERONIS

98 800 136 840 ru
153 769 285 856 insignis
305 778 354 834 est
370 767 599 854 impudentiam
625 766 680 831 illa
697 789 772 833 vero
799 766 971 832 deridenda
994 764 1172 853 adrogant

152 875 214 941 est,
232 863 265 926 in
282 861 455 927 minoribus
474 860 609 948 navigiis
631 861 743 925 rudem
761 882 832 926 esse
850 882 886 925 se
904 858 1065 938 confiteri,
1095 860 1156 945 qa

152 956 308 1043 queremis
327 966 381 1021 aut
399 955 494 1021 etiam
510 955 646 1021 maiores
660 957 837 1042 gubernare
856 953 1015 1021 didicisse.
1054 964 1093 1019 tu
1118 979 1174 1011 uu

151 1074 223 1116 cum
240 1051 273 1116 in
290 1049 407 1115 circulo
426 1049 582 1136 decipiare
597 1049 770 1115 adversarii
783 1047 1044 1135 stipulatiuncula
1062 1059 1097 1113 et
1138 1078 1172 1105 ι

151 1146 301 1233 obsignes
328 1143 460 1209 tabellas
487 1142 610 1209 clientis
638 1143 698 1222 tui,
725 1143 840 1228 quibus
866 1142 900 1206 in
926 1141 1056 1208 tabellis
1084 1142 1120 1207 id
1149 1159 1174 1199 s
1200 1225 1201 1230 ἵ

151 1241 311 1324 seriptum,
330 1260 393 1322 quo
410 1237 463 1302 ille
482 1237 633 1323 capiatur,
652 1259 712 1324 ego
731 1237 788 1302 tibi
805 1237 902 1301 ullam
916 1257 1052 1301 causam
1071 1232 1158 1322 [mai

149 1332 231 1420 rem]
255 1331 513 1398 committendam
535 1332 663 1417 putem?
690 1331 781 1396 citius
804 1330 932 1395 hercule
953 1330 997 1408 is,
1024 1329 1087 1414 qui
1108 1330 1158 1397 du

150 1451 219 1492 rum
239 1428 429 1492 scalmorum
450 1426 630 1490 naviculam
646 1426 680 1490 in
696 1436 790 1510 portu
812 1423 972 1501 everterit,
1000 1423 1037 1489 in
1054 1424 1167 1489 Euxin

95 1548 133 1588 ru
150 1531 247 1608 ponto
260 1520 519 1606 Argonautarum
536 1541 650 1584 navem
663 1519 856 1605 gubernarit
892 1516 986 1602 quid?
1004 1516 1035 1583 si
1053 1540 1099 1583 ne
1124 1550 1146 1578 ‚a

149 1638 208 1679 vae
226 1614 353 1698 quidem
371 1636 487 1679 causae
505 1624 593 1692 sunt,
606 1638 610 1643 ·
622 1614 680 1679 sed
698 1635 793 1699 saepe
815 1612 987 1690 maximae,
1013 1611 1052 1676 in
1070 1613 1173 1699 quibu

149 1718 287 1773 certatur
304 1707 344 1773 de
361 1707 429 1773 iure
451 1706 550 1787 civili,
578 1709 664 1791 quod
685 1707 814 1773 tandem
831 1729 867 1773 os
890 1716 940 1772 est
957 1703 1026 1770 eius
1046 1706 1175 1793 patroni¹

149 1802 204 1887 qui
221 1802 263 1866 ad
280 1824 334 1868 eas
354 1824 467 1867 causas
486 1802 554 1867 sine
571 1801 638 1867 ulla
655 1801 787 1866 scientia
803 1800 879 1865 iuris
895 1799 992 1865 audet
1009 1800 1175 1867 accederel

149 1919 231 1981 quae
248 1897 352 1984 potuit
367 1897 464 1984 igitur
482 1918 553 1961 esse
572 1918 669 1960 causa
694 1895 808 1973 maior,
839 1917 934 1978 quam
955 1893 1045 1960 illius
1064 1894 1175 1975 militis,

149 1991 188 2056 de
211 1991 299 2055 cuius
325 2000 427 2056 morte
453 2010 526 2053 cum
544 1989 672 2053 domum
697 1988 798 2052 falsus
817 1989 857 2052 ab
884 1986 1025 2053 exercitu
1053 1990 1175 2055 nuntius

149 2084 290 2148 venisset
312 2093 344 2147 et
364 2093 455 2169 pater
481 2082 549 2147 eius
570 2105 605 2148 re
629 2083 748 2148 credita
774 2093 999 2148 testamentum
1024 2090 1176 2149 mutasset

149 2186 194 2254 et,
213 2198 308 2259 quem
326 2176 355 2241 ei
372 2175 476 2240 visum
494 2188 593 2255 esset,
620 2176 750 2242 fecisset
767 2176 917 2242 heredem
943 2186 1101 2261 essetque
1116 2178 1176 2265 ipse

148 2279 305 2345 mortuus,
332 2291 384 2333 res
403 2269 508 2335 delata
524 2281 574 2334 est
591 2270 633 2335 ad
659 2270 886 2347 centumviros,
917 2290 991 2333 eum
1012 2270 1112 2337 miles
1128 2270 1159 2335 d·

147 2385 235 2426 mum
251 2362 428 2428 revenisset
445 2362 626 2449 egissetque
643 2364 715 2450 lege
732 2364 766 2428 in
783 2363 991 2428 hereditatem
1012 2374 1180 2449 paternam

150 2452 353 2542 [testamento
372 2457 505 2523 exheres
528 2455 643 2543 filius],
664 2454 794 2544 [nempe
809 2457 843 2521 in
863 2479 902 2522 ea
919 2454 1032 2545 causa]
1058 2457 1178 2543 quaesi-

148 2560 273 2637 tumque
299 2560 348 2615 est
367 2546 422 2637 [de
443 2550 511 2615 iure
538 2548 653 2638 civili],
679 2561 830 2637 possetne
852 2561 1062 2636 paternorum
1085 2552 1177 2619 bone-

148 2666 220 2710 rum
242 2644 374 2710 exheres
402 2667 474 2710 esse
495 2643 593 2723 filius,
621 2666 716 2728 quem
741 2654 832 2754 pater
858 2654 1051 2711 testamento
1081 2666 1175 2731 neque

96 2734 130 2789 39
147 2738 297 2804 heredem
318 2761 421 2824 neque
440 2739 629 2804 exheredem
647 2737 828 2826 scripsisset
852 2736 1061 2804 nominatim?
1090 2738 1175 2825 quidl

92 2807 131 2847 ²⁷⁶
149 2855 212 2918 qua
229 2834 268 2900 de
285 2857 320 2900 re
342 2834 375 2898 in
377 2845 424 2900 ter
377 2832 613 2900 tMareellos
636 2844 669 2899 et
687 2831 839 2899 Claudios
865 2856 908 2919 pa
908 2832 1015 2897 tricies
1036 2844 1175 2900 centum·

147 2927 207 2992 vim
197 2927 415 3007 iudicarunt,
434 2950 507 2992 cum
522 2927 670 2993 Marcelli
687 2929 728 2992 ab
745 2927 850 2992 liberti
869 2926 934 2992 filio
953 2925 1065 3013 stirpe,
1087 2926 1176 2995 Clau-

148 3020 264 3085 diit
208 3031 264 3106 pat
264 3021 332 3086 ricii
354 3021 497 3085 eiusdem
518 3021 655 3086 hominis
678 3019 800 3084 heredit
787 3030 885 3085 tatem
905 3030 1000 3105 gente
1019 3020 1064 3085 ad
1084 3044 1123 3088 se
1139 3020 1176 3087 di·

149 3124 256 3177 cerent
271 3114 408 3190 redisse,
430 3135 535 3178 nonne
553 3114 585 3177 in
604 3135 643 3177 ea
660 3134 757 3176 causa
773 3112 835 3177 fuit
858 3113 1036 3179 oratoribus
1055 3114 1101 3181 de
1119 3124 1181 3183 too·

92 3232 130 3272 ιιι
149 3204 255 3291 stirpis
274 3215 307 3270 et
323 3206 508 3293 gentilitatis
526 3206 600 3271 iure.
612 3205 799 3271 dicendum?
825 3206 920 3290 quid?
942 3206 1029 3290 quod
1050 3207 1135 3274 item
1151 3208 1176 3274 ir

147 3299 364 3363 centumvirali
390 3298 505 3364 iudicio
528 3309 681 3364 certatum
704 3322 774 3364 esse
802 3299 995 3386 accepimus,
1023 3322 1104 3367 curn
1119 3302 1178 3371 Ra

146 3415 232 3457 mam
248 3392 282 3456 in
300 3391 446 3457 exsilium
464 3391 618 3471 venisset,
637 3393 689 3457 cui
705 3393 828 3459 Romae
850 3393 994 3459 exsulare
1011 3392 1064 3459 ius
1086 3404 1185 3475 esset,

147 3486 176 3552 si
193 3510 228 3554 se
246 3488 287 3553 ad
305 3486 442 3571 aliquem
460 3487 552 3573 quasi
570 3498 739 3575 patronum
766 3487 990 3575 applicavisset
1010 3487 1175 3557 intestato·

147 3603 208 3667 que
230 3592 317 3648 esset
342 3591 500 3661 mortuus,
526 3604 631 3648 nonne
653 3581 687 3647 in
704 3604 744 3647 ea
764 3603 862 3647 causa
883 3581 933 3646 ius
956 3580 1183 3667 applicationis

147 3677 317 3743 obscurum
344 3700 421 3743 sane
442 3688 475 3743 et
496 3676 642 3767 ignotum
666 3676 862 3765 patefactum
882 3676 917 3741 in
937 3675 1054 3741 iudicio
1085 3690 1176 3767 atque

90 3794 129 3834 us
146 3770 347 3838 inlustratum
373 3782 423 3838 est
449 3796 469 3838 a
493 3773 648 3859 patrono?
678 3772 773 3858 quid?
799 3794 915 3858 nuper,
947 3792 1019 3835 eum
1047 3792 1115 3859 ego
1144 3770 1186 3841 0,·

147 3861 253 3950 Sergii
279 3865 399 3931 Oratae
426 3878 536 3932 contra
565 3868 651 3932 hunc
680 3880 826 3933 nostrum
850 3863 1028 3931 Antonium
1059 3864 1188 3943 iudicio,

145 3956 269 4045 privato
287 3978 417 4022 causam
443 3960 660 4038 defenderem,
687 3983 793 4026 nonne
810 3960 913 4025 omnis
931 3969 1041 4025 nostra
1058 3958 1095 4026 in
1113 3962 1179 4029 iun

145 4060 272 4117 versata
298 4050 442 4117 defensio
466 4052 533 4118 est?
559 4074 632 4117 cum
655 4053 740 4118 enim
757 4052 806 4117 M.
824 4052 949 4117 Marius
968 4050 1188 4133 Gratidianus¹

146 4145 233 4211 aedis
253 4143 374 4212 Oratae
396 4145 593 4211 vendidisset
619 4167 722 4230 neque
746 4145 864 4211 servire
888 4147 1049 4229 quandam
1066 4169 1180 4215 earum

146 4239 271 4305 aedium
288 4249 411 4327 partem
427 4239 461 4304 in
478 4239 627 4327 mancipis
617 4239 716 4351 lege
739 4239 886 4319 dixisset,
914 4240 1178 4323 defendebamus,

146 4334 294 4418 quicquid
319 4334 434 4401 fuisset
458 4334 679 4402 incommodi
670 4359 704 4399 m
724 4334 896 4422 mancipio,
923 4333 1005 4399 id
978 4358 1006 4400 ει
1028 4336 1178 4405 venditor
1191 4364 1204 4426 '5

90 4449 128 4492 us
147 4425 260 4493 scisset
276 4452 380 4514 neque
399 4430 605 4510 declarasset,
626 4440 789 4517 praestare
807 4429 936 4506 debere3
964 4450 1027 4512 quo
1045 4428 1204 4543 quidem}

1197 4517 1204 4651 l

1194 4664 1204 4759 l
