2536 5040
10 39 54 293 ι
92 70 96 75 ’
334 110 388 165 na
407 108 590 165 canrosa
608 110 646 164 11.
664 110 820 165 acc-au.
1029 97 1089 161 121

45 236 260 325 praefectum
279 234 407 298 duceret
429 232 519 316 ‘quid
537 233 593 296 tibi
612 233 684 311 vis,’
711 233 812 316 inquit
835 234 977 299 ‘insanel
1005 246 1093 299 tanta

10 294 21 418 l
48 332 220 397 malorum
248 339 296 393 est
322 328 490 391 multitudo
518 327 647 405 civium,
675 339 710 391 ut
736 328 792 392 tibi
811 351 871 414 ego
894 329 954 392 hoc
981 331 1092 394 confir-

10 438 16 511 ᾗ
51 450 162 504 mem,
193 424 221 488 si
237 424 360 488 Romae
387 423 556 500 manseris,
585 434 615 486 te
633 423 743 508 paucis
771 424 860 487 annis
880 425 919 487 ad
938 426 1091 490 maximas

10 521 16 610 ξ
52 519 216 609 pecunias
236 540 307 582 esse
325 517 513 581 venturum!
558 518 591 580 in
609 517 669 582 hoc
692 540 808 603 genere
825 518 967 582 Fannius
986 519 1019 582 in
1038 543 1092 583 an·
1110 547 1149 586 ato

10 612 18 729 'f
54 616 190 681 nalibus
223 612 290 676 suis
317 611 506 675 Africanum
533 611 618 675 hunc
643 613 861 676 Aemilianum
892 613 967 677 dicit
993 613 1092 678 fuisse

10 732 13 787 t
55 711 217 796 apropium
235 716 267 771 et
285 704 409 770 Graeco
428 727 500 769 eum
517 706 615 770 verbo
638 706 776 791 appellat
793 705 911 790 εἴρωνα
917 733 926 784 3
954 708 1024 786 sed,
1046 710 1093 771 uti

10 790 14 869 i
59 804 188 878 ferunt,
215 799 269 883 qni
285 799 399 863 melius
418 797 497 863 haec
515 809 643 877 norunt,
672 797 837 865 Socratem
855 801 966 886 opinor
982 801 1016 866 in
1032 800 1093 866 hac

58 894 167 962 ironia
186 893 476 976 dissimulantiaque
493 892 589 980 longe
605 893 713 979 lepore
731 906 763 960 et
780 895 974 960 humanitate
993 896 1094 960 omni-

10 977 17 1023 J
60 991 126 1057 bus
144 987 350 1076 praestitisse.
395 1010 496 1073 genus
516 999 566 1052 est
582 990 769 1076 perelegans
788 1001 820 1054 et
838 1013 910 1055 cum
937 990 1091 1076 gravitate

10 1091 21 1166 J
62 1085 186 1151 salsum
200 1104 334 1166 cumque
347 1081 490 1146 oratoriis
505 1081 693 1147 dictionibus
708 1094 775 1148 tum
792 1085 921 1150 urbanis
941 1085 1092 1150 sermoni-

59 1178 127 1245 bus
144 1176 433 1252 adcommodatum
461 1185 493 1240 et
509 1176 636 1240 hercule
659 1177 764 1243 omnia
785 1178 878 1257 haec,
907 1202 987 1263 quae
1005 1202 1024 1243 a
1041 1200 1092 1242 me
1109 1210 1148 1250 271

10 1271 23 1371 {l
63 1272 107 1339 de
124 1271 246 1337 facetiis
266 1269 479 1357 disputantur,
506 1292 571 1334 non
592 1270 712 1335 maiora
734 1272 907 1337 forensium
934 1274 1092 1338 actionum

10 1378 22 1466 ᾗ·
64 1388 162 1451 quam
189 1364 329 1431 omnium
356 1386 536 1429 sermonum
563 1365 765 1429 condimenta
790 1375 878 1443 sunt,
904 1389 979 1430 nam
1012 1367 1094 1433 siout

10 1456 29 1516 ’π’
63 1459 153 1545 quod
169 1459 254 1546 apud
272 1456 429 1524 Catonem
446 1468 495 1524 est
511 1493 556 1505 —-
573 1458 627 1542 qui
643 1459 743 1523 multa
759 1459 893 1538 rettulit,
921 1482 961 1524 ex
979 1461 1092 1544 quibus

10 1578 16 1585 ·
65 1576 87 1619 a
102 1575 155 1618 me
172 1552 308 1639 exempli
327 1574 424 1617 causa
441 1553 604 1639 complura
625 1564 785 1639 ponuntur
802 1590 846 1600 -
862 1575 919 1640 per
936 1554 1014 1618 mihi
1032 1556 1093 1619 sei-

65 1658 134 1712 tum
150 1646 283 1724 videtur,
303 1644 342 1712 C.
360 1646 542 1711 Publicium
561 1647 688 1712 solitum
706 1647 810 1713 dicere
829 1647 881 1712 ⁴1³.
900 1649 1093 1714 Mummium

66 1741 167 1806 cuivis
185 1741 320 1827 tempori
337 1740 498 1805 hominem
516 1741 612 1818 esse,’
640 1741 686 1805 sic
702 1743 845 1827 profecto
864 1765 967 1807 seres
985 1743 1091 1821 habet,

64 1834 189 1899 nullum
205 1844 241 1897 ut
259 1833 301 1897 sit
318 1832 402 1897 vitae
424 1843 565 1918 tempus,
590 1833 625 1896 in
646 1855 709 1916 quo
730 1857 795 1900 non
817 1835 927 1901 deceat
952 1836 1092 1922 leporem

63 1926 357 2008 humanitatemque
374 1925 504 1991 versari.
549 1925 607 1991 sed
622 1927 717 1990 redeo
736 1928 777 1991 ad
795 1937 909 1994 cetera.
953 1940 1003 1994 est
1019 1931 1092 1994 huic
1109 1964 1149 2003 aa

10 2012 15 2029 '
61 2020 235 2086 finitimum
257 2019 512 2097 dissimulationi,
539 2042 612 2085 oum
637 2020 772 2086 honesto
794 2024 891 2088 verbo
909 2023 1024 2088 vitiosa
1040 2048 1091 2089 res

63 2113 259 2198 appellatum
286 2122 322 2177 ut
339 2133 412 2177 cum
428 2113 601 2180 Africanus
625 2136 738 2179 censor
755 2115 838 2179 tribu
855 2117 1004 2181 movebat
1021 2139 1094 2181 eum

63 2207 298 2287 centurionem,
326 2208 380 2294 qui
396 2208 430 2273 in
446 2209 542 2274 Pauli
558 2232 668 2296 pugna
684 2232 749 2274 non
767 2209 925 2288 adfuerat,
953 2232 1024 2274 cum
1041 2211 1094 2275 ille

64 2327 102 2369 se
121 2302 283 2367 custodiae
298 2323 394 2367 causa
408 2302 525 2368 diceret
538 2302 572 2367 in
586 2302 697 2368 castris
711 2304 902 2369 remansisse
917 2316 1095 2386 quaereret-

66 2418 144 2481 que,
163 2417 218 2460 cur
235 2395 276 2460 ab
294 2418 332 2461 eo
350 2406 522 2474 notaretur,
541 2402 620 2462 ‘non
638 2396 724 2462 amo’
742 2396 844 2480 inquit
862 2397 1007 2461 ‘nimium
1025 2397 1094 2461 dili-

64 2489 192 2577 gentis!
228 2501 355 2555 acutum
373 2489 468 2556 etiam
485 2490 564 2555 illud
581 2501 640 2569 est,
659 2511 731 2555 cum
749 2514 789 2556 ex
807 2491 934 2555 alterius
953 2491 1093 2557 oratione
1110 2524 1152 2564 273

64 2584 154 2649 aliud
183 2584 322 2670 excipias
354 2596 448 2669 atque
474 2583 527 2650 ille
559 2585 638 2663 volt3
669 2596 705 2651 ut
724 2582 894 2651 Salinatori
919 2584 1093 2665 Maximus,

66 2700 141 2744 cum
176 2677 316 2744 Tarento
344 2679 461 2744 amisso
494 2701 599 2745 arcem
629 2689 736 2744 tamen
761 2679 876 2744 Livius
911 2678 1093 2746 retinuisset

65 2772 228 2857 multaque
250 2796 291 2838 ex
313 2796 352 2837 ea
372 2772 493 2860 proelia
517 2773 680 2861 praeclara
705 2774 848 2852 fecisset,
876 2797 948 2839 curn
974 2775 1094 2859 aliquot

64 2876 143 2955 post
169 2889 269 2932 annos
286 2866 450 2933 Maximus
473 2867 507 2932 id
529 2869 681 2955 oppidum
706 2868 881 2954 recepisset
904 2880 1094 2954 rogaretque

66 2981 142 3027 eum
169 2958 341 3039 Salinator,
367 2972 404 3027 ut
429 2962 624 3027 meminisset
650 2985 747 3048 opera
774 2986 833 3027 sua
859 2984 894 3026 se
920 2962 1095 3025 Tarentum

64 3054 241 3139 recepisse,
269 3055 406 3139 ‘quidni’
432 3055 535 3138 inquit
561 3054 790 3119 ‘meminerint
820 3074 994 3134 numquam
1011 3052 1095 3116 enim

63 3147 274 3232 recepissem,
299 3148 362 3215 nisi
388 3160 423 3214 tu
448 3146 667 3235 perdidisses'
721 3155 794 3210 sunt
820 3144 915 3209 etiam
939 3143 995 3208 illa
1021 3145 1095 3208 sub-
1113 3177 1153 3216 au

66 3241 221 3320 absurda,
249 3243 306 3308 sed
323 3266 362 3310 eo
379 3242 450 3329 ipso
472 3240 599 3307 nomine
621 3263 717 3327 saepe
738 3238 884 3317 ridicula,
909 3261 974 3303 non
993 3239 1096 3304 solum

65 3334 173 3401 mimis
191 3337 408 3424 perapposita,
428 3337 485 3402 sed
503 3335 598 3402 etiam
615 3335 753 3420 quodam
769 3333 865 3400 modo
882 3333 974 3400 nobis

651 3429 745 3495 homo
763 3428 881 3507 fatuus,

111 3534 281 3610 postquam
297 3547 366 3593 rem
384 3525 500 3591 habere
519 3523 637 3611 coepit,
656 3534 705 3589 est
722 3536 893 3590 emortuus.

69 3627 104 3683 et

112 3714 189 3798 quid
206 3725 256 3779 est
273 3713 330 3780 tibi
346 3713 409 3781 ista
426 3714 557 3781 mulier?
573 3737 664 3779 uxor.
687 3712 798 3778 similis
815 3734 866 3778 me
885 3711 955 3775 dius
973 3710 1078 3776 fidius.

68 3816 103 3873 et

112 3902 264 3986 quamdiu
282 3903 439 3990 adaquas
457 3903 530 3983 ant,
548 3923 721 3987 numquam
739 3911 788 3966 est
805 3909 975 3966 emortuus.
