2536 5040
211 278 253 342 98
518 288 556 343 M.
575 285 712 344 TULLII
730 285 766 338 Cl
753 282 929 340 lCERONlS

211 423 266 478 aut
296 410 486 498 defatigetur
518 409 610 475 simili
613 408 729 474 tudinis
761 406 918 473 satietat:e
948 405 1083 493 proponi
1116 366 1235 490 oportet

212 505 288 590 quid
314 504 439 570 adferas
458 514 491 568 et
507 525 570 587 qua
586 525 621 567 re
638 502 683 567 ita
700 502 743 566 sit
763 511 814 566 ost
801 501 943 577 t3endere
971 523 1010 566 ex
1033 499 1158 564 eisdem
1178 496 1235 563 illis

210 598 289 664 locis
307 598 465 663 interdum
483 596 679 673 concludere,
698 594 875 678 relinquere
893 593 970 658 alias
990 593 1116 676 alioque
1137 604 1236 657 trans-

210 692 271 772 ire3
298 713 393 778 saepe
411 713 475 756 non
491 711 668 777 proponere
687 710 724 753 ac
744 689 866 753 ratione
884 688 954 773 ipsa
972 686 1149 751 adferenda
1165 684 1237 769 quid
1267 733 1268 758 ι

210 785 452 872 proponendum
472 785 582 862 fuerit,
606 782 778 861 declarare3
810 782 904 848 sicui
922 783 999 865 quid
1020 778 1124 846 simile
1143 780 1236 859 dicas,
1267 775 1268 836 Ῐ

210 880 299 966 prius
310 852 378 981 stut
403 878 505 944 simile
531 874 633 963 dicas]
662 873 843 979 confirmes)
872 875 986 941 deinde
1013 875 1098 959 quod
1127 874 1243 962 agitur,¹

212 972 382 1060 adiungam
405 973 604 1059 interpuncta
621 980 880 1056 argumentorum
896 970 1081 1056 plerumque
1102 966 1237 1045 occulos,

211 1090 252 1132 ne
271 1067 342 1151 quis
361 1089 400 1131 ea
419 1088 585 1130 numerare
607 1063 724 1150 possit,
750 1074 838 1129 utre
856 1063 1106 1151 distinguantur,
1136 1060 1243 1127 verbis.

214 1161 349 1227 confusa
367 1180 438 1224 esse
456 1158 585 1223 videant
572 1163 678 1315 ίῳ(

158 1257 194 1310 42
270 1254 413 1317 Haeoet
400 1263 643 1339 tproperansu
621 1251 761 1337 utapud
782 1251 856 1316 doct
843 1262 892 1316 tos
910 1260 944 1316 et
961 1251 1184 1320 semidoctus
1173 1276 1248 1343 ipse,-

155 1329 194 1369 ¹⁷⁸
211 1367 370 1433 percurro,
389 1356 425 1409 ut
442 1346 611 1430 aliquando
629 1346 672 1410 ad
688 1344 743 1409 illa
760 1345 880 1410 maiora
896 1345 1076 1410 veniamus:
1094 1347 1244 1413 nihil

212 1440 296 1506 enim
312 1440 347 1505 in
365 1440 513 1518 dicendo,
538 1438 600 1506 Cat
588 1439 667 1516 tule,
688 1438 806 1517 maius,
835 1461 930 1523 quarn
947 1450 983 1503 ut
1000 1439 1109 1504 faveat
1126 1442 1243 1509 oratori

211 1535 253 1613 is,
276 1533 331 1618 qui
348 1534 468 1612 audiet,
495 1533 603 1616 ntique
620 1532 690 1617 ipse
708 1532 754 1596 sic
771 1543 949 1609 moveatur,
971 1543 1008 1597 ut
1024 1533 1148 1619 impetu
1166 1556 1245 1621 quo--

213 1628 287 1693 dam
305 1628 401 1692 animi
419 1638 451 1691 et
467 1626 703 1714 perturbatione
720 1625 823 1711 magis
847 1647 942 1709 quam
958 1625 1074 1691 iudicio
1093 1639 1151 1692 aut
1170 1650 1240 1695 con-

213 1721 282 1787 silio
309 1730 451 1806 regatur:
477 1720 570 1806 plura
595 1718 680 1784 enim
706 1719 804 1783 multo
831 1716 974 1783 homines
1001 1719 1145 1786 iudicant
1171 1722 1232 1789 odi

212 1825 267 1879 aut
293 1836 399 1878 amore
427 1824 482 1876 aut
508 1813 680 1900 eupiditate
707 1823 761 1878 aut
785 1813 948 1877 iracundia
974 1823 1029 1877 aut
1050 1815 1164 1882 dolore
1192 1813 1248 1891 aut,

211 1907 331 1972 laetitia
349 1917 403 1971 aut
422 1929 479 1993 spe
498 1918 552 1972 aut
577 1907 688 1972 timore
707 1917 761 1972 aut
786 1929 891 1972 errore
914 1917 968 1971 aut
985 1906 1091 1990 aliqua
1117 1915 1254 1996 permoa'-

213 1999 298 2065 tione
327 2001 444 2067 mentis
476 2024 572 2086 quam
606 2000 738 2067 veritate
769 2011 824 2065 aut
853 1999 1047 2086 praescripto
1080 2004 1243 2068 aut1'12

156 2125 194 2166 aa
212 2116 324 2159 norma
349 2094 456 2179 aliqua
477 2107 531 2160 aut
555 2094 663 2160 iudicii
689 2093 826 2161 formula
852 2103 906 2157 aut
931 2093 1066 2179 legibus.
1112 2118 1181 2180 qua
1223 2129 1247 2170 ·.x

211 2188 274 2254 nisi
291 2189 367 2273 quid
384 2190 475 2255 vobis
494 2190 580 2254 aliud
595 2189 709 2276 placet,
728 2188 771 2253 ad
786 2187 842 2252 illa
857 2188 1049 2274 pergamus?
1082 2192 1248 2274 ‘paulum-

211 2282 314 2366 inquit
329 2280 463 2348 Catulus
482 2282 592 2349 ‘etiam
608 2304 694 2347 nunc
711 2283 823 2348 deesse
841 2281 965 2346 videtur
983 2280 1028 2345 eis
1045 2282 1155 2362 rebus,
1175 2284 1232 2349 An
1250 2359 1251 2364 ἵ

212 2375 293 2454 toni,
321 2397 401 2460 quas
429 2377 618 2463 exposuisti,
645 2376 731 2461 quod
757 2376 798 2442 sit
824 2375 881 2441 tibi
907 2385 980 2440 ante
1007 2376 1251 2462 explicandum,¹

212 2491 308 2554 quam
324 2470 400 2536 illuc
424 2471 640 2557 proficiscare,
667 2493 730 2556 quo
749 2482 780 2536 te
799 2469 877 2535 dicis
903 2469 1086 2535 intendere!
1137 2474 1247 2556 ‘quid

211 2563 317 2628 naml'
345 2564 453 2648 inquit.
472 2566 542 2649 ‘qui
568 2566 645 2631 ordo
668 2565 725 2629 tibi
746 2563 884 2650 placeat’
911 2564 1014 2647 inquit
1036 2561 1175 2631 Catrrlus
1201 2572 1252 2633 ‘e

215 2678 296 2739 quae
323 2656 487 2743 dispositio
514 2669 784 2745 argumentorum,
811 2657 845 2721 in
866 2679 930 2741 qua
951 2668 986 2721 tn
1011 2656 1089 2721 mihi
1117 2682 1225 2724 sem
1250 2734 1253 2739 Ι

157 2773 195 2814 rac
215 2748 293 2813 deus
311 2749 412 2815 videri
434 2751 538 2816 soles?
584 2752 671 2817 ‘vide
689 2774 785 2835 quam
803 2751 876 2816 sim'
896 2750 999 2834 inquit
1017 2752 1111 2817 ‘deus
1129 2752 1164 2818 in
1182 2754 1252 2821 isto*-

212 2863 343 2927 genere,
364 2840 492 2909 Catule:
518 2867 584 2910 non
601 2845 730 2910 hercule
747 2844 825 2909 mihi
842 2845 904 2911 nisi
922 2845 1083 2911 admonito
1101 2847 1246 2914 venisset

210 2937 245 3000 in
261 2946 415 3015 mentem;
432 2948 469 3002 ut
485 2938 591 3025 possis
606 2938 789 3003 existimare
805 2962 857 3004 me
875 2940 909 3004 in
927 2963 973 3019 ea,
992 2940 1026 3004 in
1043 2940 1161 3025 quibus
1180 2964 1245 3008 non

211 3051 384 3115 numquam
402 3030 523 3115 aliquid
546 3031 672 3098 efficere
699 3032 822 3111 videor,
849 3056 911 3098 usn
938 3034 1039 3100 solere
1057 3035 1091 3099 in
1108 3036 1262 3103 dicendo-¹

212 3124 264 3189 vel
281 3145 359 3190 casu
375 3124 481 3211 potius
493 3125 661 3192 incurrere.
698 3147 736 3190 ac
752 3148 804 3191 res
819 3125 946 3209 quidem
965 3127 1036 3205 ista,
1055 3149 1153 3212 quam
1170 3150 1250 3217 ego,

212 3219 305 3303 qnasi
321 3243 387 3285 non
402 3218 520 3298 norim,
548 3219 593 3284 sic
610 3230 772 3303 tamquam
797 3219 942 3307 ignotum
967 3221 1130 3287 hominem
1149 3236 1250 3309 prae-r¹

213 3313 356 3392 teribam,
376 3324 499 3379 tantum
511 3324 618 3400 potest
633 3315 667 3379 in
681 3314 825 3393 dicendo,
842 3325 879 3380 ut
897 3314 938 3379 ad
951 3315 1143 3381 vincendum
1155 3314 1244 3395 nulle¹

212 3406 284 3491 plus
316 3408 432 3493 possit;
469 3409 528 3474 sed
557 3418 663 3475 tamen
693 3409 771 3474 mihi
806 3409 922 3475 videris
957 3421 1030 3475 ante
1065 3420 1194 3521 tempus
1222 3430 1252 3490 ιι

213 3520 265 3563 me
281 3500 438 3565 rationem
455 3501 573 3568 ordinis
597 3513 629 3567 et
646 3502 913 3591 disponendarum
934 3526 1039 3568 rerum
1055 3503 1247 3589 requisissee

157 3620 196 3662 rer
213 3615 288 3658 narn
311 3593 339 3658 si
362 3616 422 3681 ego
450 3617 577 3660 omnem
598 3596 664 3661 vim
691 3597 823 3664 oratoris
840 3598 874 3662 in
892 3598 1085 3685 argumentis
1108 3608 1142 3663 et
1157 3598 1192 3663 in
1206 3618 1241 3663 re

213 3687 284 3774 ipsa
305 3710 363 3775 per
385 3710 420 3754 se
441 3689 677 3777 comprobanda
697 3691 890 3777 posuissem,
917 3704 1042 3779 tempus
1071 3702 1160 3757 esset
1178 3692 1240 3757 iarn

214 3784 254 3848 de
276 3782 386 3849 ordine
413 3793 672 3868 argumentorum
693 3784 787 3850 etde
809 3785 961 3851 conlocat
939 3796 1024 3851 trane
1050 3784 1171 3869 aliquid
1195 3777 1251 3851 di-'

214 3899 300 3957 cere;
328 3877 387 3943 sed
405 3899 477 3943 cum
501 3877 561 3943 tria
583 3877 646 3943 sint
664 3902 683 3943 a
699 3901 751 3944 me
769 3879 945 3965 proposita,
973 3879 1013 3944 de
1030 3901 1094 3945 uno
1113 3879 1163 3943 dic
1207 3911 1224 3937 ··

213 3991 286 4034 cum
304 3970 344 4036 de
361 3971 487 4037 duobus
505 3970 635 4056 reliquis
653 3971 776 4049 dixero,
803 3982 870 4037 turn
887 3973 947 4039 erit
964 3972 1100 4058 denique
1118 3973 1159 4039 de
1177 3970 1246 4039 dis·

212 4063 360 4150 ponenda
377 4074 444 4130 tota
462 4064 603 4132 oratione
622 4065 846 4151 quaerendum.
