2498 5310
350 39 1114 369 u

148 618 210 685 178
450 628 489 683 Μ.
509 627 646 685 TULLII
664 627 866 686 CICERONIS

145 754 289 820 instituta
303 763 352 819 est
364 751 489 838 inopiae
504 772 610 829 causa,
628 751 828 835 frequentata
840 751 1073 821 delectationis.
1097 778 1114 821 u

146 870 306 937 gemmare
333 846 422 924 vitis,
448 845 604 911 luxuriem
631 869 702 911 esse
724 846 758 910 in
779 846 904 926 herbis,
932 847 1037 915 laetas
1054 870 1114 935 sege

146 944 242 1011 otiam
258 942 368 1008 rustici
386 941 508 1020 dicunt3
535 941 621 1025 quod
638 940 722 1005 enim
744 940 900 1006 declarari
918 942 976 1007 vix
994 943 1114 1031 verbop

145 1040 215 1127 prio
240 1047 360 1125 potest,
389 1036 423 1100 id
448 1036 601 1101 translato
628 1056 701 1099 cum
726 1046 776 1100 est
803 1035 940 1113 dictum,
966 1036 1107 1103 inlustrat

146 1133 232 1219 quod
248 1130 391 1216 intellegi
407 1129 567 1207 volumus,
595 1130 663 1194 eius
680 1130 742 1207 rei,
768 1152 864 1214 quam
881 1130 991 1197 alieno
1009 1132 1114 1219 verbo]

91 1258 130 1301 ιω
148 1228 283 1306 suimus,
302 1224 484 1291 similitudo.
528 1246 605 1311 ergo
622 1224 683 1289 hae
701 1223 925 1290 translationes
944 1224 1041 1309 quasi
1056 1236 1114 1291 mut

147 1323 249 1389 tiones
268 1331 355 1398 sunt,
382 1340 454 1384 cum
472 1319 557 1403 quod
579 1341 643 1384 non
660 1318 779 1383 habeas
802 1317 932 1383 aliunde
955 1342 1079 1399 sumas,
1099 1318 1114 1385 il

145 1416 242 1503 paulo
269 1414 467 1490 audaciores,
494 1434 575 1495 quae
597 1435 662 1477 non
683 1411 823 1499 inopiam
843 1412 1004 1491 indicant,
1033 1414 1114 1479 sedo

146 1511 225 1579 tioni
243 1509 420 1598 splendoris
439 1508 559 1592 aliquid
586 1519 763 1587 arcessunt;
789 1529 927 1591 quarum
949 1531 1014 1594 ego
1033 1508 1103 1593 quid

94 1606 129 1661 39
145 1607 196 1672 bis
216 1616 271 1669 aut
286 1601 469 1668 inveniendi
490 1601 645 1668 rationem
663 1611 718 1667 aut
734 1623 852 1688 genera
869 1604 1012 1688 ponam?
1038 1602 1114 1668 simil

91 1704 128 1745 ²⁵²
147 1699 230 1764 dinis
266 1709 316 1764 est
342 1698 384 1761 ad
413 1698 546 1762 verbum
580 1718 680 1760 unum
705 1705 867 1760 contracta
900 1696 1061 1775 brevitas,
1092 1718 1114 1780 qt

146 1793 279 1860 verbum
304 1791 338 1856 in
356 1790 458 1857 alieno
480 1790 550 1856 loco
560 1800 730 1872 'tamquam
746 1789 780 1852 in
798 1812 856 1854 suo
873 1789 1021 1875 positum
1038 1791 1066 1856 si
1081 1812 1114 1877 ag

148 1887 258 1965 scitur,
287 1886 436 1962 delectat,
463 1883 492 1948 si
517 1883 619 1948 simile
644 1882 723 1946 nihil
748 1881 858 1959 hahet,
889 1883 1091 1969 repudiatur;

148 2003 187 2046 ea
204 1978 368 2047 transferri
385 1986 523 2064 oportet,
546 1997 627 2059 quae
645 1986 700 2039 aut
717 1974 882 2040 clariorem
898 1976 1027 2041 faciunt
1043 1999 1114 2054 rem,

148 2074 203 2138 illo
222 2069 373 2157 [omniu]:

576 2160 766 2228 inhorrescit
782 2183 880 2240 mare,

192 2257 341 2321 tenebrae
357 2254 628 2340 conduplicantur,
646 2256 811 2339 noctisque
825 2266 857 2323 et
869 2255 1020 2322 nimbdm
1038 2279 1114 2324 occu

664 2373 782 2437 mgror,

190 2444 319 2509 flamma
336 2443 417 2508 inter
434 2442 528 2508 nubis
547 2453 705 2521 coruscat,
725 2445 848 2508 caelum
864 2441 987 2510 tonitru
1005 2455 1114 2511 contre

190 2540 312 2627 grando
329 2538 430 2603 mixta
446 2538 540 2604 imbri
562 2539 704 2625 largifico
723 2539 829 2604 subita
849 2539 1070 2627 praecipitans
1088 2562 1114 2606 oa

189 2634 329 2717 undique
339 2655 448 2698 omnes
459 2631 545 2697 venti
559 2643 737 2719 erumpunt,
752 2633 840 2698 saevi
853 2633 1016 2699 exsistunt
1029 2632 1114 2701 turbi

191 2728 286 2793 fervit
304 2736 394 2793 aestu
410 2726 561 2813 pelagus:

147 2820 355 2899 omniafere,
383 2843 445 2905 quo
468 2830 576 2887 essent
597 2820 743 2899 clariora,
770 2820 930 2887 translatis
953 2846 1014 2909 per
1038 2823 1114 2889 simi]

91 2941 130 2982 ua
148 2916 255 2981 dinem
277 2915 383 2980 verbis
407 2914 492 2979 dicta
519 2925 606 2994 sunt3
634 2924 688 2979 aut
705 2937 769 2999 quo
787 2915 985 3002 significatur
1006 2916 1111 3003 magis

147 3019 215 3075 tota
232 3009 299 3073 sive
317 3008 394 3073 facti
411 3008 544 3074 alicuius
563 3008 631 3073 sive
648 3008 785 3085 consilii,
802 3018 839 3072 ut
855 3008 923 3086 ille,
946 3009 1003 3092 qui
1019 3009 1114 3075 occu·

147 3113 214 3166 tem
232 3101 386 3179 consulto,
404 3124 445 3167 ne
462 3102 506 3179 id,
526 3101 610 3186 quod
628 3112 783 3188 ageretur,
802 3101 944 3188 intellegi
961 3115 1085 3190 posset,
1102 3104 1114 3168 ἑ

148 3193 209 3258 bus
228 3193 389 3258 translatis
407 3195 513 3260 verbis
533 3196 736 3261 similitudine
753 3196 825 3282 ipsa
840 3196 974 3262 indicat:

192 3285 449 3370 quandoquidem
465 3286 493 3351 is
512 3311 547 3353 se
566 3288 780 3355 circumvestit
799 3289 900 3368 dictis,
920 3289 1025 3378 saepit
1043 3291 1114 3358 sed

146 3403 211 3446 non
227 3401 401 3464 numquam
427 3379 523 3445 etiam
543 3381 683 3447 brevitas
710 3384 915 3450 translatmne
936 3385 1114 3464 conficitur,

145 3476 225 3541 illud
252 3476 294 3542 ‘si
312 3475 410 3541 telum
426 3499 523 3542 manu
549 3476 660 3563 fugitr'
682 3477 895 3564 imprudentia
915 3479 971 3545 teli
999 3481 1114 3546 missil

146 3571 217 3637 vius
244 3572 379 3658 propriis
407 3571 513 3638 verbis
541 3570 675 3659 exprimi
697 3595 762 3638 non
778 3574 896 3660 potuit,
924 3596 1021 3658 quam
1039 3585 1091 3641 est

91 3691 129 3733 rsa
148 3665 325 3752 significata
350 3666 513 3733 translato.
557 3667 619 3732 hoc
643 3666 677 3731 in
698 3690 816 3753 genere
841 3690 996 3755 persaepe
1018 3667 1098 3733 mihi

146 3759 325 3824 mirandum
354 3761 479 3826 videtur
510 3760 587 3844 quid
617 3761 672 3838 sit,
705 3762 790 3845 quod
819 3785 929 3828 omnes
957 3762 1114 3828 translatis

148 3851 258 3917 alienis
276 3854 379 3939 magis
407 3854 602 3920 delectentur
628 3855 734 3920 verbis
760 3877 856 3939 quam
881 3856 1018 3943 propriis
1041 3869 1076 3922 et
1097 3880 1114 3923 s

95 3951 130 4007 40
147 3970 222 4012 nam
248 3944 276 4011 si
301 3968 353 4012 res
381 3970 475 4013 suum
504 3972 621 4015 nomen
648 3961 681 4014 et
705 3950 895 4015 vocabulum
924 3952 1092 4038 proprium

146 4040 257 4120 habet,
275 4051 312 4106 ut
328 4062 385 4127 pes
403 4040 437 4105 in
454 4041 538 4120 navi,
556 4053 592 4107 ut
608 4064 736 4121 nexum,
755 4045 840 4127 quod
856 4066 914 4130 per
930 4044 1047 4110 libram
1064 4044 1114 4133 agi

147 4146 183 4201 ut
203 4135 238 4201 in
258 4158 358 4201 uxore
385 4134 568 4215 divortium,
595 4137 769 4203 necessitas
796 4138 895 4224 cogit,
921 4138 1009 4222 quod
1034 4162 1103 4207 non

147 4228 239 4307 beas,
270 4228 396 4295 aliunde
415 4252 553 4309 sumere3
581 4229 689 4295 sedin
706 4254 836 4297 suorum
852 4232 1023 4298 verborum
1040 4256 1114 4298 max

149 4323 240 4407 copia
257 4334 364 4390 tamen
380 4324 526 4390 homines
544 4324 647 4390 aliena
663 4325 763 4391 multo
780 4326 898 4412 magis,
918 4326 946 4391 si
964 4338 1042 4391 sunt
1057 4326 1114 4393 rati

91 4441 130 4483 rao
149 4416 316 4496 translata,
335 4417 501 4485 delectant.
544 4419 579 4484 id
596 4419 738 4485 accidere
756 4420 865 4499 credo,
884 4420 936 4487 vel
953 4422 1042 4504 quod
1059 4422 1114 4509 ing
