2536 5040
194 252 257 317 150
500 260 538 317 M.
557 260 694 319 TULLII
712 259 913 316 CICERONIS

191 387 276 451 cium
302 406 500 451 vocaremur:
532 384 609 468 quid
635 393 700 449 tam
728 383 880 448 dissimile
907 404 1003 466 quarn
1029 406 1092 469 ego
1120 383 1154 447 in
1177 384 1225 451 di···
1246 372 1264 433 ¹⁵

191 480 292 546 cendo
319 491 352 545 et
367 478 548 544 Antonius?
574 500 647 543 cum
672 476 726 542 ille
752 478 780 542 is
808 477 851 541 sit
877 487 995 554 orator,
1022 486 1060 541 ut
1085 476 1164 543 nihil
1183 500 1213 547 eo
1253 494 1264 528 ⁴

190 575 293 661 possit
311 596 383 640 csse
400 572 628 659 praestantius,
656 594 717 657 ego
744 580 864 649 autem,
891 592 1086 654 quamquam
1107 582 1213 637 memet

190 668 254 733 mei
280 667 434 754 paenitet,
463 688 537 730 cum
562 666 624 732 hoc
651 664 789 730 maxime
815 676 921 729 tamen
937 664 972 728 in
990 664 1224 752 comparatione

192 762 375 849 coniungar.
411 760 582 838 videtisne,
600 781 702 845 genus
720 758 782 823 hoc
799 759 885 842 quod
902 758 944 823 sit
960 759 1116 825 Antonii?
1132 761 1222 849 forte,¹
1260 774 1264 799 ⁴

191 854 379 931 vehemens,
411 864 604 920 commotum
629 853 663 916 in
694 852 833 939 agenda,
865 852 1101 939 praemunitum
1127 864 1211 921 etex

191 948 277 1013 omni
293 959 384 1034 parte
404 969 519 1012 causae
542 958 701 1033 saeptum,
729 968 816 1024 acre,
843 958 984 1025 acutum,
1012 948 1223 1032 enucleatum,-
1255 953 1264 993 ³

190 1044 224 1107 in
241 1066 305 1107 una
331 1064 456 1126 quaque
483 1065 517 1108 re
545 1064 758 1118 commorans,
785 1041 918 1107 honeste
947 1042 1082 1122 cedens,
1112 1035 1221 1109 aeriter

190 1136 371 1219 insequens,
390 1147 522 1213 torrens,
541 1135 734 1222 supplicans,
754 1158 878 1200 summa
890 1135 1042 1202 orationis
1060 1136 1219 1215 varietate.
1257 1140 1264 1219 ἱ

151 1256 178 1295 aa
190 1232 277 1295 nulla
294 1242 473 1295 nostrarum
491 1231 614 1295 aurium
632 1230 786 1296 satietate.
822 1253 880 1295 nos
899 1241 1015 1308 autem,
1035 1230 1213 1315 quicumque

189 1326 222 1389 in
241 1324 374 1390 dicendo
394 1348 518 1403 sumus,
546 1325 695 1408 quoniam
713 1346 784 1390 esse
807 1324 912 1408 aliquo
929 1324 963 1388 in
980 1346 1115 1391 numero
1132 1322 1215 1391 vobis

189 1418 348 1496 videmur,
367 1430 451 1484 certe
470 1430 577 1484 tamen
594 1419 634 1483 ab
652 1417 746 1483 huius
763 1419 897 1483 multum
915 1440 1032 1504 genere
1051 1418 1214 1495 distamus,

191 1513 277 1596 quod
303 1514 395 1596 quale
419 1514 473 1591 sit,
500 1537 565 1578 non
591 1523 640 1577 est
666 1535 773 1578 meum
799 1512 917 1590 dicere,
944 1522 1114 1598 propterea
1140 1512 1230 1598 quod·

191 1607 320 1671 minime
339 1608 401 1671 sibi
427 1608 561 1689 quisque
588 1617 682 1670 notus
702 1617 751 1670 est
768 1616 801 1670 et
823 1606 1007 1672 difficillime
1025 1607 1065 1671 de
1083 1629 1120 1673 se
1138 1606 1218 1691 qnis-

191 1722 252 1783 que
271 1700 380 1777 sentit3
409 1701 467 1763 scd
485 1711 592 1763 tamen
610 1699 832 1765 dissimilitudo
850 1700 992 1786 intellegi
1008 1710 1118 1786 potest
1135 1710 1219 1765 etex

190 1803 294 1856 motus
313 1792 376 1856 mei
393 1792 608 1858 mediocritate
627 1804 659 1857 et
677 1815 717 1857 ex
735 1816 788 1870 eo,
816 1794 915 1876 quod,
944 1793 1059 1878 quibus
1077 1792 1218 1881 vestigiis

190 1886 327 1973 primum
352 1885 466 1964 institi,
494 1888 528 1951 in
549 1887 595 1953 eis
622 1886 689 1952 fere
716 1888 804 1953 soleo
828 1911 977 1974 perorare
999 1898 1031 1953 et
1053 1888 1143 1973 quod
1166 1888 1221 1955 ati-

191 1990 307 2063 quanto
326 2002 377 2045 me
395 1980 494 2047 maior
511 1982 546 2046 in
563 1980 669 2046 verbis
689 1978 798 2067 [quam
815 1981 849 2046 in
867 1980 1045 2069 sententiis]
1066 1981 1220 2069 eligendis
1234 1982 1247 2057 .s

190 2075 280 2140 labor
298 2086 329 2140 et
347 2097 422 2142 eura
444 2087 570 2162 torquet
594 2088 771 2154 verentem,
798 2099 852 2154 ne,
881 2077 909 2141 si
925 2076 1020 2163 paulo
1047 2076 1220 2145 obsoletior
1245 2136 1250 2149 .

191 2169 286 2234 fuerit
308 2170 422 2249 oratio,
450 2195 515 2237 non
538 2173 636 2257 digna
662 2170 897 2257 exspectatione
920 2182 952 2234 et
978 2169 1103 2237 silentio
1123 2171 1222 2237 irrisae
1248 2205 1251 2214 ·

151 2290 177 2330 ιι
190 2263 343 2328 videatur.
370 2265 484 2348 quodsi
497 2266 531 2329 in
543 2265 645 2343 nobis,
661 2264 715 2347 qui
729 2264 891 2341 adsumus,
906 2273 1012 2328 tantae
1025 2263 1223 2331 dissimilitu-

190 2357 279 2422 dines
307 2370 393 2437 sunt‚
421 2368 487 2424 tam
513 2370 616 2424 certae
643 2382 694 2423 ros
718 2356 870 2441 cuiusque
897 2358 1043 2445 propriae
1069 2368 1103 2423 et
1130 2358 1164 2424 in
1186 2380 1225 2425 ea

189 2451 340 2517 varietate
366 2453 434 2518 fere
460 2453 574 2518 melius
596 2476 616 2517 a
638 2453 691 2517 dot
679 2451 792 2517 teriora
818 2451 969 2518 facultate
995 2451 1099 2537 magis
1129 2475 1225 2537 quam
1258 2447 1264 2529 ἰ

188 2569 305 2632 genere
333 2547 535 2632 distinguitur
562 2557 656 2630 atque
683 2569 776 2611 omne
802 2546 962 2624 laudatur,
989 2546 1113 2630 quod
1102 2569 1138 2611 ιιι
1165 2568 1264 2613 suo.
1246 2531 1264 2599 ³1

79 2653 82 2659 '
189 2661 305 2723 genere
322 2641 499 2725 perfectum
517 2649 580 2716 est,
607 2638 684 2722 quid
707 2639 859 2717 censetis,
888 2640 916 2704 si
933 2639 1051 2717 omnis,
1078 2660 1138 2723 qur
1126 2622 1264 2707 ubi-·.

189 2753 249 2813 que
265 2744 338 2797 sunt
352 2744 406 2796 aut
394 2733 547 2797 tfuerunt
560 2743 710 2810 oratores,
726 2733 873 2820 amplecti
886 2733 1099 2800 voluerimus?
1117 2756 1225 2801 nonne
1257 2724 1264 2797 ἶ

188 2824 332 2901 fore,ut
336 2837 451 2907 ,quot
477 2835 545 2891 orat
547 2838 673 2903 ores,t
661 2826 793 2892 totidem
818 2850 920 2936 paene
946 2826 1147 2914 reperiantur
1167 2850 1225 2915 ge-
1256 2820 1259 2827 ¹

188 2939 265 2980 nera
283 2917 426 2983 dicendi?
453 2941 492 2983 ex
511 2942 574 3002 qua
590 2943 662 2985 mea
690 2919 903 3007 disputatione
925 2921 1059 2987 forsitan
1076 2934 1227 2988 occurrat

188 3009 280 3090 illud,
309 3012 335 3076 si
352 3036 454 3099 paene
472 3013 717 3080 innumerabiles
736 3015 801 3080 sint
818 3016 910 3100 quasi
935 3016 1056 3081 formae
1083 3014 1227 3101 figurae-

189 3127 251 3189 que
282 3109 421 3188 dicendi,
455 3110 561 3197 specie
594 3110 752 3198 dispares,
784 3134 902 3197 genere
933 3109 1126 3188 laudabiles,
1158 3134 1228 3177 non

187 3224 284 3285 posse
310 3226 362 3282 ea,
394 3226 475 3287 quae
501 3206 583 3270 inter
610 3229 645 3271 se
671 3206 866 3292 discrepant,
894 3204 1015 3270 eisdem
1041 3204 1227 3291 praeceptis

149 3318 175 3359 as
190 3307 284 3379 atque
305 3320 370 3363 una
390 3300 587 3365 institutione
614 3300 758 3366 formari:
785 3300 871 3383 quod
897 3321 963 3364 non
990 3308 1039 3364 est
1064 3297 1130 3375 ita,-
1152 3298 1229 3363 dili-

188 3391 436 3476 gentissimeque
462 3395 523 3459 hoc
548 3407 598 3461 est
620 3394 681 3472 eis,
709 3394 764 3477 qui
787 3393 957 3459 instituunt
979 3392 1100 3476 aliquos
1125 3402 1228 3477 atque

189 3485 344 3563 erudiunt,
354 3487 536 3566 videndum,
550 3511 613 3572 quo
623 3510 681 3553 sua
695 3510 850 3572 quemque
863 3498 977 3552 natura
984 3485 1124 3551 maxime
1138 3486 1228 3553 ferre

188 3579 342 3644 videatur.
370 3581 487 3646 etenim
500 3582 643 3647 videmus
654 3604 695 3647 ex
709 3582 822 3647 eodem
831 3581 922 3665 quasi
934 3581 1009 3646 ludo
1024 3603 1228 3647 summorum

188 3674 222 3739 in
240 3697 298 3740 suo
316 3674 468 3758 cuiusque
486 3698 602 3761 genere
621 3676 776 3741 artificum
790 3672 837 3762 [et
854 3672 1092 3762 magistrorum]
1113 3674 1226 3743 exisse
1262 3692 1264 3701 '

189 3769 361 3855 discipulos
389 3769 550 3835 dissimilis
577 3770 658 3836 inter
677 3793 711 3835 se
734 3792 772 3835 ac
794 3782 901 3835 tamen
925 3769 1118 3846 laudandos,
1148 3791 1227 3835 cum

190 3864 231 3927 ad
249 3864 399 3947 cuiusque
417 3875 563 3929 naturam
580 3864 734 3931 institutio
753 3864 890 3930 doctoris
913 3862 1224 3943 adcommodaretur,

151 3984 176 4023 as
191 3957 280 4021 cuius
300 3968 349 4022 est
366 3959 417 4023 vel
434 3959 571 4024 maxime
589 3958 714 4045 insigne
733 3959 811 4023 illud
828 3960 1023 4044 exemplum,
1040 3967 1077 4022 ut
1094 3968 1223 4025 ceteras

190 4049 265 4114 artis
284 4050 480 4131 omittamus,
509 4052 594 4136 quod
612 4052 737 4119 dicebat
754 4054 912 4118 Isocrates
933 4050 1058 4138 [doctor
1076 4051 1224 4138 singula·
