2536 5040
204 229 248 294 42
510 239 548 294 Μ.
567 239 705 296 TULLII
723 236 923 294 CICERONIS

203 363 346 429 Ennium
371 362 455 427 dicat
479 361 532 426 ille
549 361 685 447 Pythius
703 361 839 447 Apollo,
867 383 902 426 se
930 383 1001 426 esse
1028 383 1115 440 eum,
1149 384 1222 426 um

205 457 276 536 sibi,
296 456 323 522 si
339 479 403 522 non
419 456 529 543 populi
546 471 578 522 et
594 478 698 541 reges,
717 466 750 520 at
766 477 876 520 omnes
892 455 942 520 sui
959 455 1046 521 cives
1065 454 1181 523 consili
1210 487 1230 522 c

206 561 366 639 expetant,
1228 550 1231 555 ’

290 667 485 710 summarum
501 667 607 709 rerum
624 644 749 709 incerti:
768 666 848 728 quos
867 666 927 731 ego
945 666 1005 730 ope
1022 667 1096 710 mea

290 761 331 804 ex
347 737 475 803 incertis
494 748 597 804 certos
615 748 840 824 compotesque
858 737 970 803 consili

290 830 428 910 dimitto,
445 841 539 896 utne
555 854 607 897 res
626 842 744 897 temere
761 842 896 896 tractent
913 832 1069 897 turbidas:

146 951 187 994 coo
205 934 255 991 est
271 924 356 991 enim
374 924 442 990 sine
460 925 556 991 dubio
574 924 687 991 domus
704 925 781 991 iuris
801 925 937 991 consulti
954 924 1050 991 totius
1071 926 1230 1001 oraculum

204 1018 354 1098 civitatis3
373 1019 463 1085 testis
482 1030 532 1085 est
548 1018 680 1084 huiusce
696 1018 738 1101 Q.
751 1019 854 1084 Mucii
870 1019 966 1085 ianua
982 1030 1014 1085 et
1030 1021 1229 1101 vestibulum,

204 1115 289 1199 quod
301 1115 335 1179 in
349 1113 416 1179 eius
430 1113 645 1178 infirmissima
658 1114 838 1179 valetudine
852 1114 1038 1198 adfectaque
1051 1114 1117 1179 iam
1132 1139 1173 1182 ae
1194 1148 1198 1173 ι
1212 1151 1226 1172 a
1266 1167 1268 1182 .

204 1208 344 1273 maxima
369 1207 484 1273 cotidie
510 1208 689 1292 frequentia
709 1209 825 1273 civium
851 1231 890 1274 ac
911 1232 1106 1276 summorum
1133 1210 1231 1278 homi-
1266 1197 1268 1236 ³

203 1324 281 1367 num
299 1302 467 1389 splendore
484 1301 669 1368 celebratur.

146 1391 188 1505 246
263 1398 334 1463 Iam
351 1397 406 1461 illa
422 1421 487 1464 non
504 1397 634 1483 longam
655 1409 724 1462 orat
724 1396 830 1463 ionem
856 1396 1049 1477 desiderant,
1077 1420 1180 1482 quam
1196 1398 1237 1467 oo

203 1514 272 1587 rem
293 1491 471 1558 existimem
493 1492 622 1579 publica
648 1513 772 1576 quoque
794 1491 877 1569 iura,
904 1513 986 1574 quae
1009 1502 1084 1557 sunt
1104 1494 1234 1582 propris¹

204 1576 341 1653 civitatis
359 1597 453 1670 atque
468 1585 608 1672 imperii,
634 1595 702 1649 tum
723 1595 928 1651 monumenta
944 1608 1049 1651 reram
1069 1598 1234 1674 gessum

204 1691 237 1744 et
254 1680 420 1745 vetustatis
444 1678 590 1764 exempla
616 1678 732 1744 oratori
757 1689 834 1745 nota
855 1701 927 1744 esse
950 1678 1078 1757 debere;
1105 1703 1187 1747 nam
1202 1680 1238 1749 ιιι

203 1773 237 1837 in
262 1794 367 1836 rerum
391 1771 586 1858 privatarum
613 1772 717 1837 causis
744 1783 838 1857 atque
863 1772 987 1838 iudiciis
1018 1772 1236 1860 depromends¹

204 1887 300 1952 saepe
318 1865 417 1931 oratio
436 1876 485 1930 est
502 1888 542 1930 ex
559 1865 627 1931 iure
645 1866 729 1931 civili
746 1866 921 1945 etidcirco,
939 1876 1064 1932 utente
1082 1867 1249 1958 diximus,

203 1959 320 2026 oratori
336 1960 413 2025 iuris
431 1959 532 2024 civilis
560 1960 692 2026 scientia
715 1961 897 2027 necessaria
918 1971 981 2039 est,
1008 1960 1105 2026 sicin
1128 1962 1238 2047 causis·

203 2054 338 2142 publicis
364 2053 565 2132 iudiciorum,
593 2055 789 2133 contionum,
817 2064 946 2121 senatus
970 2054 1076 2143 omnis
1098 2055 1182 2123 haec
1203 2068 1233 2124 et

205 2148 399 2233 antiquitatis
424 2149 577 2216 memoria
594 2161 627 2215 et
642 2150 763 2237 publici
778 2149 855 2215 iuris
882 2150 1051 2216 auctoritas
1070 2160 1103 2216 et
1118 2174 1238 2240 regem-

204 2243 263 2309 dae
279 2243 327 2309 rei
342 2243 489 2331 publicae
510 2244 591 2309 ratio
610 2264 647 2308 ac
670 2243 801 2308 scientia
826 2253 988 2327 tamquam
1010 2243 1116 2328 aliqua
1133 2256 1244 2313 mate.¹

203 2337 266 2403 ries
284 2338 331 2403 eis
350 2337 541 2416 oratoribus,
569 2337 623 2422 qui
640 2348 806 2403 versantur
822 2339 856 2403 in
872 2361 907 2403 re
923 2338 1066 2425 publica,
1089 2339 1233 2406 subiecto

147 2458 187 2499 aar
206 2455 276 2498 esse
295 2432 402 2511 debet;
421 2455 486 2498 non
503 2431 587 2497 enim
604 2432 798 2498 causidicum
810 2432 1032 2516 nescioquem
1045 2455 1152 2517 neque
1171 2434 1232 2499 cla-

201 2537 357 2594 matorem
375 2537 430 2592 aut
446 2526 591 2592 rabulam
617 2526 678 2592 hoc
705 2549 849 2593 sermone
871 2537 980 2592 nostro
1007 2526 1249 2611 conquirimus?

204 2623 261 2687 sed
279 2645 352 2687 eum
368 2622 485 2700 virum,
509 2621 563 2704 qui
579 2621 717 2708 primum
735 2622 776 2686 sit
794 2621 861 2686 eius
880 2620 955 2686 artis
975 2620 1122 2699 antistes,
1142 2622 1250 2707 curius-3

203 2737 275 2779 eum
291 2715 363 2801 ipsa
378 2726 491 2780 natsrra
507 2737 658 2800 magnam
675 2714 793 2780 homini
806 2715 989 2780 facultatem
1007 2716 1106 2794 daret,
1124 2726 1245 2785 tamen

202 2806 329 2872 dedisse
344 2806 421 2872 deus
434 2816 573 2895 putatur,
591 2818 628 2872 ut
644 2818 676 2874 et
688 2807 802 2894 ipsum,
821 2808 987 2892 quoderat
1003 2807 1141 2874 hominis
1159 2812 1246 2897 proi

200 2899 320 2985 prium,
347 2922 412 2965 non
428 2911 555 2987 partum
576 2925 634 2989 per
655 2925 729 2981 nos,
756 2902 814 2967 sed
840 2900 990 2966 divinitus
1009 2901 1050 2965 ad
1066 2924 1125 2968 nos
1145 2903 1250 2977 delas.

202 3005 271 3058 tum
289 2993 461 3072 videretur3
481 2995 605 3073 deinde,
624 2995 678 3080 qui
694 2997 797 3083 possit
813 3018 878 3062 non
896 3005 961 3060 tam
978 2994 1116 3061 caduceo
1135 3017 1232 3080 quam

200 3088 328 3155 nomine
347 3089 479 3155 oratoris
498 3100 627 3155 ornatus
653 3090 820 3157 incolumis
838 3090 890 3157 vel
907 3090 989 3155 inter
1011 3089 1152 3156 hostium
1170 3091 1233 3157 teln
1251 3098 1260 3111 ''

201 3183 335 3262 versari3
363 3193 444 3262 tum,
471 3184 526 3268 qui
548 3183 652 3249 scelus
677 3185 884 3268 fraudemque
901 3184 1045 3251 nocentis
1062 3183 1169 3270 possit
1186 3184 1258 3269 dit-,3

201 3278 303 3343 sendo
331 3277 474 3344 subicere
500 3277 574 3344 odio
601 3278 718 3343 civium
750 3278 968 3367 supplicioque
998 3276 1257 3366 constringes-03·

200 3370 348 3455 idemque
365 3370 484 3457 ingenii
509 3371 667 3458 praesidio
688 3372 901 3438 innocentiam
922 3372 1109 3438 iudiciorum
1125 3391 1266 3460 poeno:

201 3462 349 3542 liberare;
376 3464 523 3549 idemque
540 3465 746 3553 languentem
766 3465 987 3551 labentemque
1004 3465 1160 3553 populum
1178 3465 1262 3534 ant.f

202 3557 244 3621 ad
261 3556 357 3622 decus
376 3557 513 3624 excitare
532 3569 587 3625 aut
604 3560 645 3624 ab
663 3581 768 3625 errore
785 3559 941 3625 deducere
963 3570 1018 3624 aut
1033 3559 1245 3627 inflammare·

200 3650 234 3714 in
250 3650 412 3738 improbos
435 3664 491 3718 aut
516 3652 682 3717 incitatum
703 3652 737 3716 in
753 3653 854 3719 bonos
875 3653 1036 3741 mitigare3
1063 3652 1119 3738 qui
1140 3652 1251 3731 deni-''¹

201 3766 276 3830 que,
308 3768 538 3832 quemcumque
568 3746 603 3811 in
634 3746 746 3812 animis
776 3747 940 3813 hominum
969 3758 1091 3814 motum
1116 3770 1171 3814 res
1199 3758 1249 3827 οι,

201 3860 297 3906 causa
321 3840 475 3928 postulet,
503 3862 576 3906 eum
594 3840 728 3908 dicendo
750 3842 802 3908 vel
825 3843 963 3908 excitare
989 3841 1093 3930 possit
1107 3840 1162 3907 vel
1180 3863 1253 3923 se·;=

143 3958 184 4000 aas
201 3932 286 4001 dare.
330 3934 414 3999 hano
439 3933 505 3999 vim
532 3935 559 4000 si
585 3935 656 4021 quis
683 3935 844 4002 existimat
869 3947 925 4001 aut
950 3938 991 4001 ab
1018 3937 1079 4015 eis,
1106 3934 1257 4021 quide..

201 4026 326 4095 dicendi
350 4027 472 4095 ratione
502 4029 709 4118 scripserunt,
741 4029 920 4118 expositam
950 4052 1023 4097 esse
1049 4041 1105 4096 aut
1130 4053 1150 4096 a
1176 4052 1231 4097 me
