2536 5040
155 227 217 292 166
458 235 498 289 Μ.
518 235 654 292 TULLII
673 234 874 291 CICERONIS

152 373 258 426 tamon
275 359 355 425 illa
346 384 379 424 m
397 358 530 425 dicendo
556 357 721 424 admiratio
740 380 778 423 ac
800 380 925 424 summa
944 356 1016 423 laus
1034 359 1186 429 umbram

152 454 339 541 aliquamet
355 475 531 532 recessum,
559 474 622 563 qup
645 453 747 540 magis
768 451 987 537 rd,quoder1t
1012 451 1184 531 inlumina-2
1208 508 1214 519 .

95 577 134 618 ror
151 562 231 629 tum,
264 560 388 615 exstare
415 560 510 632 atque
541 548 678 614 eminere
704 546 858 613 videatur.
912 567 1087 631 numquam
1109 544 1179 634 agit.

150 645 235 710 huno
252 667 380 709 versum
395 643 532 710 Roscius
552 664 589 709 eo
607 655 715 729 gestu,
733 664 797 726 quo
813 652 932 752 pptsst.

192 762 267 804 nam
285 737 411 826 sapiens
426 736 535 802 virtuti
552 737 705 802 honorem
722 736 907 823 praemium,
926 734 1014 801 haud
1026 734 1153 822 praedam

653 830 747 917 petit:

151 926 207 993 sed
226 925 321 992 abicit
338 947 483 1013 prorsus,
501 935 537 988 ut
554 924 588 989 in
605 924 764 1011 proximo:
1166 982 1170 989 .

193 1029 241 1086 set
259 1020 335 1104 quid
352 1019 463 1085 video?
481 1018 564 1083 ferro
583 1028 711 1105 saeptus
729 1016 873 1105 possidet
890 1016 976 1082 sedis
995 1037 1106 1093 sacras,
1171 1100 1174 1105 Ι
1212 1065 1215 1079 .

149 1114 267 1179 incidat
254 1114 444 1200 suspiciat,
463 1111 647 1190 admiretur,
667 1121 838 1198 stupescat.
882 1110 973 1194 quid,
992 1110 1046 1175 ille
1063 1109 1129 1174 alter
1174 1152 1180 1201 '.
1213 1118 1215 1124 ’

192 1208 269 1291 quid
286 1217 393 1292 petam
409 1205 567 1293 praesidi?

149 1321 245 1383 quam
266 1298 392 1379 leniter,
416 1321 512 1384 quam
533 1298 679 1377 remisse,
703 1320 799 1384 quam
820 1321 885 1363 non
907 1295 1051 1363 actuosel
1077 1296 1175 1373 instat

149 1392 234 1458 enim

191 1511 210 1553 o
228 1499 332 1574 pater,
355 1510 374 1554 o
391 1487 507 1575 patna,
526 1510 544 1553 o
562 1485 683 1553 Priami
700 1484 828 1552 domusl

147 1581 181 1646 in
198 1604 261 1666 quo
280 1593 367 1647 tanta
393 1581 585 1647 commoveri
602 1580 683 1646 aetio
701 1603 766 1646 non
791 1589 915 1666 posset,
943 1579 970 1643 si
994 1588 1080 1644 esset
1100 1596 1158 1643 0011-

149 1687 275 1762 sumpta
302 1675 463 1761 superiore
489 1685 578 1740 motu
600 1685 633 1739 et
655 1674 820 1740 exhausta.
863 1694 966 1757 neque
993 1673 1028 1737 id
1054 1682 1159 1739 actores
1191 1744 1194 1749 ¹

147 1768 234 1854 prius
262 1768 408 1833 viderunt
433 1789 529 1852 quam
554 1768 616 1854 ipsi
637 1774 764 1854 potitae,
791 1789 887 1853 quam
909 1766 1046 1851 denique
1063 1766 1108 1831 illi
1125 1774 1162 1830 et·
1189 1806 1193 1830 2

148 1862 225 1939 iam,
254 1862 309 1945 qui
326 1862 470 1927 fecerunt
485 1863 614 1941 modos,
642 1861 793 1947 aquibus
811 1861 953 1946 utrisque
973 1859 1164 1925 summittitur
1190 1936 1193 1941 Ι

148 1953 280 2037 aliquid,
309 1955 423 2021 deinde
449 1967 598 2043 augetur,
625 1966 828 2033 extenuatur,
859 1954 1000 2032 inflatur,
1027 1953 1165 2029 variatur,
1194 1976 1198 1985 ·

92 2073 129 2114 100
148 2046 359 2136 distinguitur.
403 2050 448 2115 ita
466 2050 507 2116 sit
524 2050 693 2116 nobist
634 2049 678 2137 rgi
680 2060 730 2114 tur
748 2059 876 2115 ornatus
895 2060 927 2114 et
945 2047 1054 2113 suavis
1073 2057 1168 2113 orator

146 2178 191 2191 --
206 2165 266 2210 nec
284 2154 390 2210 tamen
406 2155 463 2231 pot
464 2155 513 2210 est
500 2145 619 2211 taliter
637 2166 770 2209 esse-
800 2154 837 2208 ut
855 2143 1044 2209 suavitatem
1062 2142 1206 2209 habeat

148 2249 307 2303 austeram
324 2250 357 2303 et
374 2238 521 2318 solidam,
548 2262 612 2304 non
630 2236 805 2303 dulcemt
772 2249 867 2321 atque
884 2238 996 2302 decoct
983 2246 1058 2302 t.am
1103 2226 1215 2305 nami

147 2331 220 2415 ipsa
244 2332 285 2396 ad
311 2333 488 2397 ornandum
513 2342 696 2419 praecepta,
728 2353 809 2416 quae
836 2331 912 2397 dant
899 2342 964 2409 tur,
995 2329 1065 2396 eius
1092 2328 1175 2397 modi

148 2435 235 2501 sunt,
262 2436 298 2490 ut
315 2448 354 2490 ea
375 2425 519 2509 quamvis
546 2426 768 2493 vitiosissimus
795 2436 900 2492 orator
922 2423 1082 2510 explicare
1104 2438 1215 2511 pos·

148 2517 202 2595 sit3
230 2540 293 2602 qua
310 2541 359 2596 re,
386 2530 422 2584 ut
444 2530 516 2585 ante
539 2519 618 2598 dixi,
645 2518 782 2606 primum
801 2518 882 2584 silva
903 2541 1010 2584 rerum
1032 2518 1084 2605 [ac
1107 2540 1179 2585 sen-

147 2609 329 2698 tentiarum]
349 2614 563 2698 comparanda
580 2625 639 2693 est,
657 2613 778 2698 quade
800 2622 889 2699 parte
907 2611 987 2676 dixit
999 2611 1179 2692 Antonius3

148 2702 227 2767 haec
245 2704 412 2769 formanda
427 2706 481 2770 fflo
499 2706 569 2792 ipso
588 2718 620 2773 et
637 2729 753 2794 genere
771 2705 936 2784 orationis,
959 2703 1181 2771 inluminanda

90 2822 130 2864 101
148 2795 266 2872 verbis,
285 2797 437 2863 varianda
455 2800 628 2865 sententiis.
674 2823 798 2865 summa
816 2810 921 2865 autem
938 2799 1008 2864 laus
1026 2797 1181 2884 eloquen-

147 2888 209 2954 tiae
228 2899 277 2953 est
294 2890 485 2976 amplificare
502 2914 571 2956 rem
593 2894 749 2971 ornando,
776 2894 863 2978 quod
884 2892 968 2959 valet
989 2915 1054 2957 non
1074 2894 1181 2960 solum

147 2983 189 3048 ad
215 2984 397 3070 augendum
423 2985 540 3068 aliquid
563 2997 595 3051 et
621 2986 795 3052 tollendum
822 2986 914 3053 altius
942 2986 1093 3065 dicendo,
1122 2989 1182 3053 sed

95 3093 129 3148 27
147 3078 243 3144 etiam
261 3078 302 3143 ad
319 3079 554 3146 extenuandum
572 3091 666 3164 atque
688 3079 897 3145 abiciendum.
928 3080 962 3145 id
979 3079 1180 3147 desideratur

148 3173 293 3238 omnibus
312 3172 359 3239 eis
376 3174 409 3239 in
425 3174 519 3251 locis,
546 3195 626 3258 quos
645 3175 687 3239 ad
702 3173 799 3239 fidem
820 3173 970 3239 orationis
996 3173 1182 3241 faciendam

149 3266 292 3332 adhiberi
322 3268 402 3332 dixit
426 3268 602 3345 Antonius,
633 3268 685 3333 vel
715 3290 788 3333 cum
819 3268 1026 3354 explanamus
1057 3268 1181 3351 aliquid

91 3385 130 3427 105
148 3361 199 3425 vel
217 3383 289 3426 cum
307 3362 509 3428 conciliamus
528 3363 649 3429 animos
668 3362 720 3428 vel
737 3385 810 3429 cum
827 3362 1037 3440 concitamus,
1065 3364 1180 3429 sedin

147 3453 224 3531 hoc',
243 3456 328 3537 quod
344 3468 539 3540 postremum
557 3456 632 3534 dixi,
652 3457 852 3544 amplificatio
869 3466 976 3543 potest
992 3455 1178 3542 plurimum,

148 3569 248 3632 eaque
266 3570 330 3613 una
346 3549 417 3615 laus
435 3549 567 3616 oratoris
586 3562 636 3616 est
655 3548 715 3639 [et]
734 3551 862 3638 propria
887 3550 1034 3616 maxime.
1078 3551 1181 3617 etiam

147 3642 248 3708 maior
265 3653 315 3707 est
326 3642 380 3707 illa
398 3643 578 3709 exercitatio
596 3666 691 3729 quam
709 3657 849 3711 extremo
868 3666 1012 3710 sermone
1024 3643 1180 3711 instruxit

147 3737 322 3815 Antonius,
341 3737 442 3824 primo
459 3737 623 3816 reiciebat,
649 3739 798 3805 laudandi
815 3750 848 3805 et
864 3738 1076 3825 vituperandi,
1095 3739 1179 3805 nihil

148 3841 198 3895 est
215 3832 299 3898 enim
317 3832 358 3897 ad
384 3833 640 3920 exaggerandam
662 3842 694 3898 et
720 3833 971 3921 amplificandam
998 3831 1178 3898 orationem

149 3923 433 4005 adcommodatius,
463 3949 559 4011 quam
584 3938 751 4011 utrumque
782 3926 894 3992 horum
925 3925 1177 3993 cumulatissime

93 4015 253 4083 arefacere
275 4042 381 4104 posse.
434 4031 665 4106 consequentur
690 4021 785 4086 etiam
807 4019 853 4085 illi
882 4018 958 4096 loci,
985 4018 1040 4102 qui
1061 4039 1178 4101 quam-
